@incollection{Aiken2005,
year={1994},
isbn={978-3-540-58601-2},
booktitle={Principles and Practice of Constraint Programming},
volume={874},
series={Lecture Notes in Computer Science},
editor={Borning, Alan},
doi={10.1007/3-540-58601-6_110},
title={Set constraints: Results, applications and future directions},
url={http://dx.doi.org/10.1007/3-540-58601-6_110},
publisher={Springer Berlin Heidelberg},
author={Aiken, Alexander},
pages={326-335},
language={English}
}

@article{Andreka1998,
year={1998},
issn={0022-3611},
journal={Journal of Philosophical Logic},
volume={27},
number={3},
doi={10.1023/A:1004275029985},
title={Modal Languages and Bounded Fragments of Predicate Logic},
url={http://dx.doi.org/10.1023/A%3A1004275029985},
publisher={Kluwer Academic Publishers},
author={Andréka, Hajnal and Németi, István and van Benthem, Johan},
pages={217-274},
language={English}
}

@book{Andrews2002,
   title =     {An Introduction to Mathematical Logic and Type Theory: To Truth Through Proof},
   author =    {Peter B. Andrews},
   publisher = {Springer Netherlands},
   isbn =      {978-90-481-6079-2,978-94-015-9934-4},
   year =      {2002},
   series =    {Applied Logic Series 27},
   edition =   {2},
   volume =    {},
   url =       {http://gen.lib.rus.ec/book/index.php?md5=1161c361538bae95972dbad4493b8200}
}

@article{Armando2009,
 author = {Armando, Alessandro and Bonacina, Maria Paola and Ranise, Silvio and Schulz, Stephan},
 title = {New Results on Rewrite-based Satisfiability Procedures},
 journal = {ACM Trans. Comput. Logic},
 issue_date = {January 2009},
 volume = {10},
 number = {1},
 month = jan,
 year = {2009},
 issn = {1529-3785},
 pages = {4:1--4:51},
 articleno = {4},
 numpages = {51},
 url = {http://doi.acm.org/10.1145/1459010.1459014},
 doi = {10.1145/1459010.1459014},
 acmid = {1459014},
 publisher = {ACM},
 address = {New York, NY, USA},
 keywords = {Automated reasoning, combination of theories, decision procedures, inference, rewriting, satisfiability modulo a theory, scalability, superposition, termination},
}

@incollection{Bachmair1998,
year={1998},
isbn={978-3-540-64675-4},
booktitle={Automated Deduction — CADE-15},
volume={1421},
series={Lecture Notes in Computer Science},
editor={Kirchner, Claude and Kirchner, Hélène},
doi={10.1007/BFb0054259},
title={Elimination of equality via transformation with ordering constraints},
url={http://dx.doi.org/10.1007/BFb0054259},
publisher={Springer Berlin Heidelberg},
author={Bachmair, Leo and Ganzinger, Harald and Voronkov, Andrei},
pages={175-190},
language={English}
}

@article{Bachmair2003,
year={2003},
issn={0168-7433},
journal={Journal of Automated Reasoning},
volume={31},
number={2},
doi={10.1023/B:JARS.0000009518.26415.49},
title={Abstract Congruence Closure},
url={http://dx.doi.org/10.1023/B%3AJARS.0000009518.26415.49},
publisher={Kluwer Academic Publishers},
keywords={term rewriting; congruence closure; associative-commutative theories},
author={Bachmair, Leo and Tiwari, Ashish and Vigneron, Laurent},
pages={129-168},
language={English}
}

@book{Barendregt1985,
   title =     {The Lambda Calculus, Second Edition: Its Syntax and Semantics},
   author =    {H.P. Barendregt},
   publisher = {North Holland},
   isbn =      {0444867481,9780444867483},
   year =      {1985},
   series =    {Studies in Logic and the Foundations of Mathematics},
   edition =   {2},
   volume =    {},
   url =       {http://gen.lib.rus.ec/book/index.php?md5=f134d2dc273f54c9945808061dbd3724}
}

@incollection{Baumgartner2000,
year={2000},
isbn={978-3-540-67664-5},
booktitle={Automated Deduction - CADE-17},
volume={1831},
series={Lecture Notes in Computer Science},
editor={McAllester, David},
doi={10.1007/10721959_16},
title={FDPLL — A First-Order Davis-Putnam-Logeman-Loveland Procedure},
url={http://dx.doi.org/10.1007/10721959_16},
publisher={Springer Berlin Heidelberg},
author={Baumgartner, Peter},
pages={200-219},
language={English}
}

@InProceedings{Baumgartner2005,
  author        = {Peter Baumgartner and Alexander Fuchs and Cesare Tinelli},
  title	        = "{I}mplementing the {M}odel {E}volution {C}alculus",
  booktitle     = {{S}pecial {I}ssue of the {I}nternational {J}ournal of
                   {A}rtificial {I}ntelligence {T}ools ({IJAIT})},
  year	        = {2005},
  volume        = 15,
  number        = 1,
  url	        = "http://goedel.cs.uiowa.edu/Darwin/papers/darwin-IJAIT.pdf",
  editor        = {Stephan Schulz and Geoff Sutcliffe and Tanel Tammet},
  series        = {{I}nternational {J}ournal of {A}rtificial {I}ntelligence {T}ools}
}

@incollection{Baumgartner2007,
year={2007},
isbn={978-3-540-73594-6},
booktitle={Automated Deduction – CADE-21},
volume={4603},
series={Lecture Notes in Computer Science},
editor={Pfenning, Frank},
doi={10.1007/978-3-540-73595-3_30},
title={Logical Engineering with Instance-Based Methods},
url={http://dx.doi.org/10.1007/978-3-540-73595-3_30},
publisher={Springer Berlin Heidelberg},
author={Baumgartner, Peter},
pages={404-409},
language={English}
}

@incollection{Baumgartner2008-me-lia,
year={2008},
isbn={978-3-540-89438-4},
booktitle={Logic for Programming, Artificial Intelligence, and Reasoning},
volume={5330},
series={Lecture Notes in Computer Science},
editor={Cervesato, Iliano and Veith, Helmut and Voronkov, Andrei},
doi={10.1007/978-3-540-89439-1_19},
title={ME(LIA) - Model Evolution with Linear Integer Arithmetic Constraints},
url={http://dx.doi.org/10.1007/978-3-540-89439-1_19},
publisher={Springer Berlin Heidelberg},
author={Baumgartner, Peter and Fuchs, Alexander and Tinelli, Cesare},
pages={258-273},
language={English}
}

@article{Baumgartner2008,
title = "The model evolution calculus as a first-order \{DPLL\} method ",
journal = "Artificial Intelligence ",
volume = "172",
number = "4–5",
pages = "591 - 632",
year = "2008",
note = "",
issn = "0004-3702",
doi = "http://dx.doi.org/10.1016/j.artint.2007.09.005",
url = "http://www.sciencedirect.com/science/article/pii/S0004370207001336",
author = "Peter Baumgartner and Cesare Tinelli",
keywords = "\{DPLL\} procedure",
keywords = "First-order logic",
keywords = "Sequent calculi",
keywords = "Model generation "
}

@incollection{Baumgartner2011,
year={2011},
isbn={978-3-642-22437-9},
booktitle={Automated Deduction – CADE-23},
volume={6803},
series={Lecture Notes in Computer Science},
editor={Bjørner, Nikolaj and Sofronie-Stokkermans, Viorica},
doi={10.1007/978-3-642-22438-6_9},
title={Model Evolution with Equality Modulo Built-in Theories},
url={http://dx.doi.org/10.1007/978-3-642-22438-6_9},
publisher={Springer Berlin Heidelberg},
author={Baumgartner, Peter and Tinelli, Cesare},
pages={85-100},
language={English}
}

@article{Baumgartner2012,
title = "Model Evolution with equality — Revised and implemented ",
journal = "Journal of Symbolic Computation ",
volume = "47",
number = "9",
pages = "1011 - 1045",
year = "2012",
note = "First-Order Theorem Proving ",
issn = "0747-7171",
doi = "http://dx.doi.org/10.1016/j.jsc.2011.12.031",
author = "Peter Baumgartner and Björn Pelzer and Cesare Tinelli",
keywords = "Automated theorem proving",
keywords = "Instance-based methods "
}

@incollection{Baumgartner2013,
year={2013},
isbn={978-3-642-38573-5},
booktitle={Automated Deduction – CADE-24},
volume={7898},
series={Lecture Notes in Computer Science},
editor={Bonacina, MariaPaola},
doi={10.1007/978-3-642-38574-2_3},
title={Hierarchic Superposition with Weak Abstraction},
url={http://dx.doi.org/10.1007/978-3-642-38574-2_3},
publisher={Springer Berlin Heidelberg},
author={Baumgartner, Peter and Waldmann, Uwe},
pages={39-57},
language={English}
}

@incollection{Beyersdorff2010,
year={2010},
isbn={978-3-642-13561-3},
booktitle={Theory and Applications of Models of Computation},
volume={6108},
series={Lecture Notes in Computer Science},
editor={Kratochvíl, Jan and Li, Angsheng and Fiala, Jiří and Kolman, Petr},
doi={10.1007/978-3-642-13562-0_3},
title={Proof Complexity of Non-classical Logics},
url={http://dx.doi.org/10.1007/978-3-642-13562-0_3},
publisher={Springer Berlin Heidelberg},
author={Beyersdorff, Olaf},
pages={15-27},
language={English}
}

@incollection{Bjorner2013,
year={2013},
isbn={978-3-642-38855-2},
booktitle={Static Analysis},
volume={7935},
series={Lecture Notes in Computer Science},
editor={Logozzo, Francesco and Fähndrich, Manuel},
doi={10.1007/978-3-642-38856-9_8},
title={On Solving Universally Quantified Horn Clauses},
url={http://dx.doi.org/10.1007/978-3-642-38856-9_8},
publisher={Springer Berlin Heidelberg},
author={Bjørner, Nikolaj and McMillan, Ken and Rybalchenko, Andrey},
pages={105-125},
language={English}
}

@article{Caleiro2013,
year={2013},
issn={1661-8297},
journal={Logica Universalis},
volume={7},
number={1},
doi={10.1007/s11787-012-0074-5},
title={On the Mosaic Method for Many-Dimensional Modal Logics: A Case Study Combining Tense and Modal Operators},
url={http://dx.doi.org/10.1007/s11787-012-0074-5},
publisher={SP Birkhäuser Verlag Basel},
keywords={Primary 03B45; 03C98; Secondary 03B44; 03B62; Mosaic method; many-dimensional modal logics; temporal logics; decidability; tableau systems},
author={Caleiro, Carlos and Viganò, Luca and Volpe, Marco},
pages={33-69},
language={English}
}

@incollection{Cotton2010,
year={2010},
isbn={978-3-642-14185-0},
booktitle={Theory and Applications of Satisfiability Testing – SAT 2010},
volume={6175},
series={Lecture Notes in Computer Science},
editor={Strichman, Ofer and Szeider, Stefan},
doi={10.1007/978-3-642-14186-7_26},
title={Two Techniques for Minimizing Resolution Proofs},
url={http://dx.doi.org/10.1007/978-3-642-14186-7_26},
publisher={Springer Berlin Heidelberg},
author={Cotton, Scott},
pages={306-312},
language={English}
}

@inproceedings{Deharbe2011,
 author = {D{\'e}harbe, David and Fontaine, Pascal and Merz, Stephan and Paleo, Bruno Woltzenlogel},
 title = {Exploiting Symmetry in SMT Problems},
 booktitle = {Proceedings of the 23rd International Conference on Automated Deduction},
 series = {CADE'11},
 year = {2011},
 isbn = {978-3-642-22437-9},
 location = {Wroc\&\#322;aw, Poland},
 pages = {222--236},
 numpages = {15},
 url = {http://dl.acm.org/citation.cfm?id=2032266.2032284},
 acmid = {2032284},
 publisher = {Springer-Verlag},
 address = {Berlin, Heidelberg},
}

@inproceedings{Deharbe2013,
  TITLE = {{Computing Prime Implicants}},
  AUTHOR = {D{\'e}harbe, David and Fontaine, Pascal and Le Berre, Daniel and Mazure, Bertrand},
  URL = {https://hal.inria.fr/hal-00910363},
  BOOKTITLE = {{FMCAD - Formal Methods in Computer-Aided Design 2013}},
  ADDRESS = {Portland, United States},
  PUBLISHER = {{IEEE}},
  PAGES = {46-52},
  YEAR = {2013},
  MONTH = Oct,
  HAL_ID = {hal-00910363},
  HAL_VERSION = {v1},
}

@article{Echenim2010,
year={2012},
issn={0168-7433},
journal={Journal of Automated Reasoning},
volume={48},
number={3},
doi={10.1007/s10817-010-9200-3},
title={An Instantiation Scheme for Satisfiability Modulo Theories},
url={http://dx.doi.org/10.1007/s10817-010-9200-3},
publisher={Springer Netherlands},
keywords={Satisfiability modulo theories; Instantiation-based theorem proving; Decision procedures},
author={Echenim, Mnacho and Peltier, Nicolas},
pages={293-362},
language={English}
}

@incollection{Filliatre2013,
year={2013},
isbn={978-3-642-38573-5},
booktitle={Automated Deduction – CADE-24},
volume={7898},
series={Lecture Notes in Computer Science},
editor={Bonacina, MariaPaola},
doi={10.1007/978-3-642-38574-2_1},
title={One Logic to Use Them All},
url={http://dx.doi.org/10.1007/978-3-642-38574-2_1},
publisher={Springer Berlin Heidelberg},
author={Filliâtre, Jean-Christophe},
pages={1-20},
language={English}
}

@INPROCEEDINGS{Fu2011, 
author={Xianjin Fu and Wanwei Liu and Jing Li}, 
booktitle={Secure Software Integration Reliability Improvement Companion (SSIRI-C), 2011 5th International Conference on}, 
title={Approximating Quantified SMT-Solving with SAT}, 
year={2011}, 
month={June}, 
pages={114-119}, 
keywords={computability;formal verification;FOL;SAT;quantified SMT solvers;satisfiability modulo theories;Benchmark testing;Cognition;Computational modeling;Connectors;Encoding;Labeling;Semantics;Model Checking;SAT;Satisfiability Modulo Theories}, 
doi={10.1109/SSIRI-C.2011.40},}

@article{Ganzinger2003,
author = {Harald Ganzinger and Konstantin Korovin},
title = {New Directions in Instantiation-Based Theorem Proving},
journal ={Logic in Computer Science, Symposium on},
volume = {0},
issn = {1043-6871},
year = {2003},
pages = {55},
doi = {http://doi.ieeecomputersociety.org/10.1109/LICS.2003.1210045},
publisher = {IEEE Computer Society},
address = {Los Alamitos, CA, USA},
}

@incollection{Ganzinger2004,
year={2004},
isbn={978-3-540-23024-3},
booktitle={Computer Science Logic},
volume={3210},
series={Lecture Notes in Computer Science},
editor={Marcinkowski, Jerzy and Tarlecki, Andrzej},
doi={10.1007/978-3-540-30124-0_9},
title={Integrating Equational Reasoning into Instantiation-Based Theorem Proving},
url={http://dx.doi.org/10.1007/978-3-540-30124-0_9},
publisher={Springer Berlin Heidelberg},
author={Ganzinger, Harald and Korovin, Konstantin},
pages={71-84},
language={English}
}

@incollection{Ganzinger2006,
year={2006},
isbn={978-3-540-48281-9},
booktitle={Logic for Programming, Artificial Intelligence, and Reasoning},
volume={4246},
series={Lecture Notes in Computer Science},
editor={Hermann, Miki and Voronkov, Andrei},
doi={10.1007/11916277_34},
title={Theory Instantiation},
url={http://dx.doi.org/10.1007/11916277_34},
publisher={Springer Berlin Heidelberg},
author={Ganzinger, Harald and Korovin, Konstantin},
pages={497-511},
language={English}
}

@incollection{Ge2007,
year={2007},
isbn={978-3-540-73594-6},
booktitle={Automated Deduction – CADE-21},
volume={4603},
series={Lecture Notes in Computer Science},
editor={Pfenning, Frank},
doi={10.1007/978-3-540-73595-3_12},
title={{Solving Quantified Verification Conditions Using Satisfiability Modulo Theories}},
url={http://dx.doi.org/10.1007/978-3-540-73595-3_12},
publisher={Springer Berlin Heidelberg},
author={Ge, Yeting and Barrett, Clark and Tinelli, Cesare},
pages={167-182},
language={English}
}

@incollection{Gladisch2011,
year={2011},
isbn={978-3-642-18069-9},
booktitle={Formal Verification of Object-Oriented Software},
volume={6528},
series={Lecture Notes in Computer Science},
editor={Beckert, Bernhard and Marché, Claude},
doi={10.1007/978-3-642-18070-5_6},
title={Satisfiability Solving and Model Generation for Quantified First-Order Logic Formulas},
url={http://dx.doi.org/10.1007/978-3-642-18070-5_6},
publisher={Springer Berlin Heidelberg},
author={Gladisch, ChristophD.},
pages={76-91},
language={English}
}

@incollection{Hetzl2013,
year={2013},
isbn={978-3-642-40536-5},
booktitle={Automated Reasoning with Analytic Tableaux and Related Methods},
volume={8123},
series={Lecture Notes in Computer Science},
editor={Galmiche, Didier and Larchey-Wendling, Dominique},
doi={10.1007/978-3-642-40537-2_15},
title={Understanding Resolution Proofs through Herbrand’s Theorem},
url={http://dx.doi.org/10.1007/978-3-642-40537-2_15},
publisher={Springer Berlin Heidelberg},
author={Hetzl, Stefan and Libal, Tomer and Riener, Martin and Rukhaia, Mikheil},
pages={157-171},
language={English}
}

@incollection{Heule2013,
year={2013},
isbn={978-3-642-45220-8},
booktitle={Logic for Programming, Artificial Intelligence, and Reasoning},
volume={8312},
series={Lecture Notes in Computer Science},
editor={McMillan, Ken and Middeldorp, Aart and Voronkov, Andrei},
doi={10.1007/978-3-642-45221-5_29},
title={Blocked Clause Decomposition},
url={http://dx.doi.org/10.1007/978-3-642-45221-5_29},
publisher={Springer Berlin Heidelberg},
author={Heule, MarijnJ.H. and Biere, Armin},
pages={423-438},
language={English}
}

@book{Hodges1997,
   title =     {A Shorter Model Theory},
   author =    {Wilfrid Hodges},
   publisher = {Cambridge University Press},
   isbn =      {0521587131,9780521587136},
   year =      {1997},
   series =    {},
   edition =   {},
   volume =    {},
   url =       {http://gen.lib.rus.ec/book/index.php?md5=77A449C52D8F8FC4B0068DC54E04FA65}
}

@article{Hoffmann2009,
title = "HTab: a Terminating Tableaux System for Hybrid Logic ",
journal = "Electronic Notes in Theoretical Computer Science ",
volume = "231",
number = "0",
pages = "3 - 19",
year = "2009",
note = "Proceedings of the 5th Workshop on Methods for Modalities (M4M5 2007) ",
issn = "1571-0661",
doi = "http://dx.doi.org/10.1016/j.entcs.2009.02.026",
url = "http://www.sciencedirect.com/science/article/pii/S1571066109000310",
author = "Guillaume Hoffmann and Carlos Areces",
keywords = "hybrid logic",
keywords = "tableaux method",
keywords = "theorem proving "
}

@incollection{Horbach2009,
year={2009},
isbn={978-3-642-02958-5},
booktitle={Automated Deduction – CADE-22},
volume={5663},
series={Lecture Notes in Computer Science},
editor={Schmidt, RenateA.},
doi={10.1007/978-3-642-02959-2_30},
title={Decidability Results for Saturation-Based Model Building},
url={http://dx.doi.org/10.1007/978-3-642-02959-2_30},
publisher={Springer Berlin Heidelberg},
author={Horbach, Matthias and Weidenbach, Christoph},
pages={404-420},
language={English}
}

@incollection{Ihlemann2008,
year={2008},
isbn={978-3-540-78799-0},
booktitle={Tools and Algorithms for the Construction and Analysis of Systems},
volume={4963},
series={Lecture Notes in Computer Science},
editor={Ramakrishnan, C.R. and Rehof, Jakob},
doi={10.1007/978-3-540-78800-3_19},
title={On Local Reasoning in Verification},
url={http://dx.doi.org/10.1007/978-3-540-78800-3_19},
publisher={Springer Berlin Heidelberg},
author={Ihlemann, Carsten and Jacobs, Swen and Sofronie-Stokkermans, Viorica},
pages={265-281},
language={English}
}

@incollection{Jacobs2011,
year={2011},
isbn={978-3-642-18274-7},
booktitle={Verification, Model Checking, and Abstract Interpretation},
volume={6538},
series={Lecture Notes in Computer Science},
editor={Jhala, Ranjit and Schmidt, David},
doi={10.1007/978-3-642-18275-4_20},
title={Towards Complete Reasoning about Axiomatic Specifications},
url={http://dx.doi.org/10.1007/978-3-642-18275-4_20},
publisher={Springer Berlin Heidelberg},
author={Jacobs, Swen and Kuncak, Viktor},
pages={278-293},
language={English}
}

@incollection{Kapur2013,
year={2013},
isbn={978-3-642-36674-1},
booktitle={Automated Reasoning and Mathematics},
volume={7788},
series={Lecture Notes in Computer Science},
editor={Bonacina, MariaPaola and Stickel, MarkE.},
doi={10.1007/978-3-642-36675-8_11},
title={Geometric Quantifier Elimination Heuristics for Automatically Generating Octagonal and Max-plus Invariants},
url={http://dx.doi.org/10.1007/978-3-642-36675-8_11},
publisher={Springer Berlin Heidelberg},
author={Kapur, Deepak and Zhang, Zhihai and Horbach, Matthias and Zhao, Hengjun and Lu, Qi and Nguyen, ThanhVu},
pages={189-228},
language={English}
}

@incollection{Kersani2013,
year={2013},
isbn={978-3-642-40884-7},
booktitle={Frontiers of Combining Systems},
volume={8152},
series={Lecture Notes in Computer Science},
editor={Fontaine, Pascal and Ringeissen, Christophe and Schmidt, RenateA.},
doi={10.1007/978-3-642-40885-4_2},
title={Combining Superposition and Induction: A Practical Realization},
url={http://dx.doi.org/10.1007/978-3-642-40885-4_2},
publisher={Springer Berlin Heidelberg},
author={Kersani, Abdelkader and Peltier, Nicolas},
pages={7-22},
language={English}
}

@INPROCEEDINGS{Kim2006, 
author={Hyondeuk Kim and Somenzi, F.}, 
booktitle={Formal Methods in Computer Aided Design, 2006. FMCAD '06}, 
title={Finite Instantiations for Integer Difference Logic}, 
year={2006}, 
month={Nov}, 
pages={31-38}, 
keywords={computability;finite instantiations;first-order logic;integer difference logic;lazy satisfiability checking;negated equality constraints;pigeonhole problem;propositional abstraction;propositional satisfiability;theory solver;Arithmetic;Constraint theory;Contracts;Decision feedback equalizers;Engines;Logic;Marine vehicles;Refining;Resource management;Timing}, 
doi={10.1109/FMCAD.2006.13},}

@incollection{Kirchner2006,
year={2006},
isbn={978-3-540-48281-9},
booktitle={Logic for Programming, Artificial Intelligence, and Reasoning},
volume={4246},
series={Lecture Notes in Computer Science},
editor={Hermann, Miki and Voronkov, Andrei},
doi={10.1007/11916277_37},
title={Automatic Combinability of Rewriting-Based Satisfiability Procedures},
url={http://dx.doi.org/10.1007/11916277_37},
publisher={Springer Berlin Heidelberg},
author={Kirchner, Hélène and Ranise, Silvio and Ringeissen, Christophe and Tran, Duc-Khanh},
pages={542-556},
language={English}
}

@incollection{Korovin2008,
year={2008},
isbn={978-3-540-71069-1},
booktitle={Automated Reasoning},
volume={5195},
series={Lecture Notes in Computer Science},
editor={Armando, Alessandro and Baumgartner, Peter and Dowek, Gilles},
doi={10.1007/978-3-540-71070-7_24},
title={iProver – An Instantiation-Based Theorem Prover for First-Order Logic (System Description)},
url={http://dx.doi.org/10.1007/978-3-540-71070-7_24},
publisher={Springer Berlin Heidelberg},
author={Korovin, Konstantin},
pages={292-298},
language={English}
}

@incollection{Korovin2009,
year={2009},
isbn={978-3-642-02958-5},
booktitle={Automated Deduction – CADE-22},
volume={5663},
series={Lecture Notes in Computer Science},
editor={Schmidt, RenateA.},
doi={10.1007/978-3-642-02959-2_14},
title={Instantiation-Based Automated Reasoning: From Theory to Practice},
url={http://dx.doi.org/10.1007/978-3-642-02959-2_14},
publisher={Springer Berlin Heidelberg},
author={Korovin, Konstantin},
pages={163-166},
language={English}
}

@incollection{Korovin2010-inst-gen-eq,
year={2010},
isbn={978-3-642-14202-4},
booktitle={Automated Reasoning},
volume={6173},
series={Lecture Notes in Computer Science},
editor={Giesl, Jürgen and Hähnle, Reiner},
doi={10.1007/978-3-642-14203-1_17},
title={iProver-Eq: An Instantiation-Based Theorem Prover with Equality},
url={http://dx.doi.org/10.1007/978-3-642-14203-1_17},
publisher={Springer Berlin Heidelberg},
author={Korovin, Konstantin and Sticksel, Christoph},
pages={196-202},
language={English}
}

@incollection{Korovin2010,
year={2010},
isbn={978-3-642-16241-1},
booktitle={Logic for Programming, Artificial Intelligence, and Reasoning},
volume={6397},
series={Lecture Notes in Computer Science},
editor={Fermüller, ChristianG. and Voronkov, Andrei},
doi={10.1007/978-3-642-16242-8_33},
title={Labelled Unit Superposition Calculi for Instantiation-Based Reasoning},
url={http://dx.doi.org/10.1007/978-3-642-16242-8_33},
publisher={Springer Berlin Heidelberg},
author={Korovin, Konstantin and Sticksel, Christoph},
pages={459-473},
language={English}
}

@incollection{Korovin2013-instgen,
year={2013},
isbn={978-3-642-37650-4},
booktitle={Programming Logics},
volume={7797},
series={Lecture Notes in Computer Science},
editor={Voronkov, Andrei and Weidenbach, Christoph},
doi={10.1007/978-3-642-37651-1_10},
title={Inst-Gen – A Modular Approach to Instantiation-Based Automated Reasoning},
url={http://dx.doi.org/10.1007/978-3-642-37651-1_10},
publisher={Springer Berlin Heidelberg},
author={Korovin, Konstantin},
pages={239-270},
language={English}
}

@incollection{Korovin2013,
year={2013},
isbn={978-3-642-40884-7},
booktitle={Frontiers of Combining Systems},
volume={8152},
series={Lecture Notes in Computer Science},
editor={Fontaine, Pascal and Ringeissen, Christophe and Schmidt, RenateA.},
doi={10.1007/978-3-642-40885-4_15},
title={Non-cyclic Sorts for First-Order Satisfiability},
url={http://dx.doi.org/10.1007/978-3-642-40885-4_15},
publisher={Springer Berlin Heidelberg},
author={Korovin, Konstantin},
pages={214-228},
language={English}
}

@incollection{Korovin2014,
year={2014},
isbn={978-3-662-44198-5},
booktitle={Mathematical Software – ICMS 2014},
volume={8592},
series={Lecture Notes in Computer Science},
editor={Hong, Hoon and Yap, Chee},
doi={10.1007/978-3-662-44199-2_47},
title={Skolemization Modulo Theories},
url={http://dx.doi.org/10.1007/978-3-662-44199-2_47},
publisher={Springer Berlin Heidelberg},
author={Korovin, Konstantin and Veanes, Margus},
pages={303-306},
language={English}
}

@article{Kruglov2012,
year={2012},
issn={1661-8270},
journal={Mathematics in Computer Science},
volume={6},
number={4},
doi={10.1007/s11786-012-0135-4},
title={Superposition Decides the First-Order Logic Fragment Over Ground Theories},
url={http://dx.doi.org/10.1007/s11786-012-0135-4},
publisher={SP Birkhäuser Verlag Basel},
keywords={Theorem proving; Combination of theories; Decision procedure; Arithmetic; Primary 68T15; Secondary 03B25},
author={Kruglov, Evgeny and Weidenbach, Christoph},
pages={427-456},
language={English}
}

@phdthesis{Kruglov2013,
    author = {Evgeny Kruglov},
    title = {Superposition modulo theory},
    school = {Universit\"at des Saarlandes},
    year = {2013},
    address = {Postfach 151141, 66041 Saarbr\"ucken},
    language = {eng},
    URL = {http://scidok.sulb.uni-saarland.de/volltexte/2013/5559},
}


@incollection{Kuhlwein2013,
year={2013},
isbn={978-3-642-38573-5},
booktitle={Automated Deduction – CADE-24},
volume={7898},
series={Lecture Notes in Computer Science},
editor={Bonacina, MariaPaola},
doi={10.1007/978-3-642-38574-2_28},
title={E-MaLeS 1.1},
url={http://dx.doi.org/10.1007/978-3-642-38574-2_28},
publisher={Springer Berlin Heidelberg},
author={Kühlwein, Daniel and Schulz, Stephan and Urban, Josef},
pages={407-413},
language={English}
}

@incollection{Letz2001-har,
 author = {Letz, Reinhold and Stenz, Gernot},
 title = {Model Elimination and Connection Tableau Procedures},
 booktitle = {Handbook of Automated Reasoning},
 editor = {Robinson, Alan and Voronkov, Andrei},
 year = {2001},
 isbn = {0-444-50812-0},
 pages = {2015--2112},
 numpages = {98},
 url = {http://dl.acm.org/citation.cfm?id=778522.778537},
 acmid = {778537},
 publisher = {Elsevier Science Publishers B. V.},
 address = {Amsterdam, The Netherlands, The Netherlands},
}

@incollection{Letz2001,
year={2001},
isbn={978-3-540-42254-9},
booktitle={Automated Reasoning},
volume={2083},
series={Lecture Notes in Computer Science},
editor={Goré, Rajeev and Leitsch, Alexander and Nipkow, Tobias},
doi={10.1007/3-540-45744-5_30},
title={DCTP - A Disconnection Calculus Theorem Prover - System Abstract},
url={http://dx.doi.org/10.1007/3-540-45744-5_30},
publisher={Springer Berlin Heidelberg},
author={Letz, Reinhold and Stenz, Gernot},
pages={381-385},
language={English}
}

@article{Lochner2006,
year={2006},
issn={0168-7433},
journal={Journal of Automated Reasoning},
volume={36},
number={4},
doi={10.1007/s10817-006-9031-4},
title={Things to Know when Implementing KBO},
url={http://dx.doi.org/10.1007/s10817-006-9031-4},
publisher={Springer Netherlands},
keywords={Knuth–Bendix ordering; program transformation},
author={Löchner, Bernd},
pages={289-310},
language={English}
}

@incollection{Lynch2009,
year={2009},
isbn={978-3-642-04221-8},
booktitle={Frontiers of Combining Systems},
volume={5749},
series={Lecture Notes in Computer Science},
editor={Ghilardi, Silvio and Sebastiani, Roberto},
doi={10.1007/978-3-642-04222-5_19},
title={Combining Instance Generation and Resolution},
url={http://dx.doi.org/10.1007/978-3-642-04222-5_19},
publisher={Springer Berlin Heidelberg},
author={Lynch, Christopher and McGregor, RalphEric},
pages={304-318},
language={English}
}

@article{Lynch2011,
title = "Automatic decidability and combinability ",
journal = "Information and Computation ",
volume = "209",
number = "7",
pages = "1026 - 1047",
year = "2011",
note = "",
issn = "0890-5401",
doi = "http://dx.doi.org/10.1016/j.ic.2011.03.005",
url = "http://www.sciencedirect.com/science/article/pii/S089054011100071X",
author = "Christopher Lynch and Silvio Ranise and Christophe Ringeissen and Duc-Khanh Tran",
keywords = "Decision procedures",
keywords = "Paramodulation",
keywords = "Schematic Saturation",
keywords = "Combination "
}

@article{Lynch2013,
year={2013},
issn={0168-7433},
journal={Journal of Automated Reasoning},
volume={51},
number={3},
doi={10.1007/s10817-012-9263-4},
title={SMELS: Satisfiability Modulo Equality with Lazy Superposition},
url={http://dx.doi.org/10.1007/s10817-012-9263-4},
publisher={Springer Netherlands},
keywords={Theorem proving; SAT; Superposition},
author={Lynch, Christopher and Ta, Quang-Trung and Tran, Duc-Khanh},
pages={325-356},
language={English}
}

@article{McCune1992,
year={1992},
issn={0168-7433},
journal={Journal of Automated Reasoning},
volume={9},
number={2},
doi={10.1007/BF00245458},
title={Experiments with discrimination-tree indexing and path indexing for term retrieval},
url={http://dx.doi.org/10.1007/BF00245458},
publisher={Kluwer Academic Publishers},
keywords={Indexing; automated deduction; discrimination net; path indexing; FPA indexing},
author={McCune, William},
pages={147-167},
language={English}
}

@incollection{McMillan2009,
year={2009},
isbn={978-3-642-02657-7},
booktitle={Computer Aided Verification},
volume={5643},
series={Lecture Notes in Computer Science},
editor={Bouajjani, Ahmed and Maler, Oded},
doi={10.1007/978-3-642-02658-4_35},
title={Generalizing DPLL to Richer Logics},
url={http://dx.doi.org/10.1007/978-3-642-02658-4_35},
publisher={Springer Berlin Heidelberg},
author={McMillan, KennethL. and Kuehlmann, Andreas and Sagiv, Mooly},
pages={462-476},
language={English}
}

@inproceedings{Moskal2009,
 author = {Moskal, Micha\l},
 title = {Programming with Triggers},
 booktitle = {Proceedings of the 7th International Workshop on Satisfiability Modulo Theories},
 series = {SMT '09},
 year = {2009},
 isbn = {978-1-60558-484-3},
 location = {Montreal, Canada},
 pages = {20--29},
 numpages = {10},
 url = {http://doi.acm.org/10.1145/1670412.1670416},
 doi = {10.1145/1670412.1670416},
 acmid = {1670416},
 publisher = {ACM},
 address = {New York, NY, USA},
 keywords = {SMT, axiomatizations, e-matching, program verification, triggers},
}

@article{Nalon2007,
title = "Clausal resolution for normal modal logics ",
journal = "Journal of Algorithms ",
volume = "62",
number = "3–4",
pages = "117 - 134",
year = "2007",
note = "",
issn = "0196-6774",
doi = "http://dx.doi.org/10.1016/j.jalgor.2007.04.001",
url = "http://www.sciencedirect.com/science/article/pii/S0196677407000302",
author = "Cláudia Nalon and Clare Dixon",
keywords = "Normal modal logics",
keywords = "Automated deduction",
keywords = "Resolution "
}

@article{Negri2004,
author = {Negri, Sara and Von Plate, Jan},
title = {Proof systems for lattice theory},
journal = {Mathematical Structures in Computer Science},
volume = {14},
issue = {04},
month = {8},
year = {2004},
issn = {1469-8072},
pages = {507--526},
numpages = {20},
doi = {10.1017/S0960129504004244},
URL = {http://journals.cambridge.org/article_S0960129504004244},
}

@article{Nelson1980,
 author = {Nelson, Greg and Oppen, Derek C.},
 title = {{Fast Decision Procedures Based on Congruence Closure}},
 journal = {J. ACM},
 issue_date = {April 1980},
 volume = {27},
 number = {2},
 month = apr,
 year = {1980},
 issn = {0004-5411},
 pages = {356--364},
 numpages = {9},
 url = {http://doi.acm.org/10.1145/322186.322198},
 doi = {10.1145/322186.322198},
 acmid = {322198},
 publisher = {ACM},
 address = {New York, NY, USA},
}

@incollection{Nieuwenhuis2001,
year={2001},
isbn={978-3-540-42254-9},
booktitle={Automated Reasoning},
volume={2083},
series={Lecture Notes in Computer Science},
editor={Goré, Rajeev and Leitsch, Alexander and Nipkow, Tobias},
doi={10.1007/3-540-45744-5_19},
title={On the Evaluation of Indexing Techniques for Theorem Proving},
url={http://dx.doi.org/10.1007/3-540-45744-5_19},
publisher={Springer Berlin Heidelberg},
author={Nieuwenhuis, Robert and Hillenbrand, Thomas and Riazanov, Alexandre and Voronkov, Andrei},
pages={257-271},
language={English}
}

@incollection{Otten2008,
year={2008},
isbn={978-3-540-71069-1},
booktitle={Automated Reasoning},
volume={5195},
series={Lecture Notes in Computer Science},
editor={Armando, Alessandro and Baumgartner, Peter and Dowek, Gilles},
doi={10.1007/978-3-540-71070-7_23},
title={leanCoP 2.0 and ileanCoP 1.2: High Performance Lean Theorem Proving in Classical and Intuitionistic Logic (System Descriptions)},
url={http://dx.doi.org/10.1007/978-3-540-71070-7_23},
publisher={Springer Berlin Heidelberg},
author={Otten, Jens},
pages={283-291},
language={English}
}

@incollection{Reynolds2013-fmf,
year={2013},
isbn={978-3-642-39798-1},
booktitle={Computer Aided Verification},
volume={8044},
series={Lecture Notes in Computer Science},
editor={Sharygina, Natasha and Veith, Helmut},
doi={10.1007/978-3-642-39799-8_42},
title={Finite Model Finding in SMT},
url={http://dx.doi.org/10.1007/978-3-642-39799-8_42},
publisher={Springer Berlin Heidelberg},
author={Reynolds, Andrew and Tinelli, Cesare and Goel, Amit and Krstić, Sava},
pages={640-655},
language={English}
}

@incollection{Reynolds2013,
year={2013},
isbn={978-3-642-38573-5},
booktitle={Automated Deduction – CADE-24},
volume={7898},
series={Lecture Notes in Computer Science},
editor={Bonacina, MariaPaola},
doi={10.1007/978-3-642-38574-2_26},
title={Quantifier Instantiation Techniques for Finite Model Finding in SMT},
url={http://dx.doi.org/10.1007/978-3-642-38574-2_26},
publisher={Springer Berlin Heidelberg},
author={Reynolds, Andrew and Tinelli, Cesare and Goel, Amit and Krstić, Sava and Deters, Morgan and Barrett, Clark},
pages={377-391},
language={English}
}

@article{Riazanov2002,
 author = {Riazanov, Alexandre and Voronkov, Andrei},
 title = {The Design and Implementation of VAMPIRE},
 journal = {AI Commun.},
 issue_date = {August 2002},
 volume = {15},
 number = {2,3},
 month = aug,
 year = {2002},
 issn = {0921-7126},
 pages = {91--110},
 numpages = {20},
 url = {http://dl.acm.org/citation.cfm?id=1218615.1218620},
 acmid = {1218620},
 publisher = {IOS Press},
 address = {Amsterdam, The Netherlands, The Netherlands},
 keywords = {Resolution theorem proving, VAMPIRE},
}

@incollection{Rummer2012,
year={2012},
isbn={978-3-642-28716-9},
booktitle={Logic for Programming, Artificial Intelligence, and Reasoning},
volume={7180},
series={Lecture Notes in Computer Science},
editor={Bjørner, Nikolaj and Voronkov, Andrei},
doi={10.1007/978-3-642-28717-6_28},
title={E-Matching with Free Variables},
url={http://dx.doi.org/10.1007/978-3-642-28717-6_28},
publisher={Springer Berlin Heidelberg},
author={R\"ummer, Philipp},
pages={359-374},
language={English}
}

@incollection{Schmidt2013,
year={2013},
isbn={978-3-642-37650-4},
booktitle={Programming Logics},
volume={7797},
series={Lecture Notes in Computer Science},
editor={Voronkov, Andrei and Weidenbach, Christoph},
doi={10.1007/978-3-642-37651-1_15},
title={First-Order Resolution Methods for Modal Logics},
url={http://dx.doi.org/10.1007/978-3-642-37651-1_15},
publisher={Springer Berlin Heidelberg},
author={Schmidt, RenateA. and Hustadt, Ullrich},
pages={345-391},
language={English}
}

@article{Schulz2002,
 author = {Schulz, Stephan},
 title = {E - a Brainiac Theorem Prover},
 journal = {AI Commun.},
 issue_date = {August 2002},
 volume = {15},
 number = {2,3},
 month = aug,
 year = {2002},
 issn = {0921-7126},
 pages = {111--126},
 numpages = {16},
 url = {http://dl.acm.org/citation.cfm?id=1218615.1218621},
 acmid = {1218621},
 publisher = {IOS Press},
 address = {Amsterdam, The Netherlands, The Netherlands},
 keywords = {E, Theorem proving, rewriting, search control, superposition},
}

@incollection{Schulz2013,
year={2013},
isbn={978-3-642-36674-1},
booktitle={Automated Reasoning and Mathematics},
volume={7788},
series={Lecture Notes in Computer Science},
editor={Bonacina, MariaPaola and Stickel, MarkE.},
doi={10.1007/978-3-642-36675-8_3},
title={Simple and Efficient Clause Subsumption with Feature Vector Indexing},
url={http://dx.doi.org/10.1007/978-3-642-36675-8_3},
publisher={Springer Berlin Heidelberg},
keywords={First-order theorem proving; indexing; subsumption},
author={Schulz, Stephan},
pages={45-67},
language={English}
}

@incollection{Sekar2001,
 author = {Sekar, R. and Ramakrishnan, I. V. and Voronkov, Andrei},
 title = {Term Indexing},
 booktitle = {Handbook of Automated Reasoning},
 editor = {Robinson, Alan and Voronkov, Andrei},
 year = {2001},
 isbn = {0-444-50812-0},
 pages = {1853--1964},
 numpages = {112},
 url = {http://dl.acm.org/citation.cfm?id=778522.778535},
 acmid = {778535},
 publisher = {Elsevier Science Publishers B. V.},
 address = {Amsterdam, The Netherlands, The Netherlands},
}

@incollection{Tinelli2002,
year={2002},
isbn={978-3-540-44190-8},
booktitle={Logics in Artificial Intelligence},
volume={2424},
series={Lecture Notes in Computer Science},
editor={Flesca, Sergio and Greco, Sergio and Ianni, Giovambattista and Leone, Nicola},
doi={10.1007/3-540-45757-7_26},
title={A DPLL-Based Calculus for Ground Satisfiability Modulo Theories},
url={http://dx.doi.org/10.1007/3-540-45757-7_26},
publisher={Springer Berlin Heidelberg},
author={Tinelli, Cesare},
pages={308-319},
language={English}
}

@inproceedings{Totla2013,
 author = {Totla, Nishant and Wies, Thomas},
 title = {Complete Instantiation-based Interpolation},
 booktitle = {Proceedings of the 40th Annual ACM SIGPLAN-SIGACT Symposium on Principles of Programming Languages},
 series = {POPL '13},
 year = {2013},
 isbn = {978-1-4503-1832-7},
 location = {Rome, Italy},
 pages = {537--548},
 numpages = {12},
 url = {http://doi.acm.org/10.1145/2429069.2429132},
 doi = {10.1145/2429069.2429132},
 acmid = {2429132},
 publisher = {ACM},
 address = {New York, NY, USA},
 keywords = {craig interpolants, crdecision procedures, crsatisfiability module theories, data structures, program analysis},
}

@article{Vaught1960,
author = {Vaught,R. L.},
title = {Sentences true in all constructive models},
journal = {The Journal of Symbolic Logic},
volume = {25},
issue = {01},
month = {3},
year = {1960},
issn = {1943-5886},
pages = {39--53},
numpages = {15},
doi = {10.2307/2964336},
URL = {http://journals.cambridge.org/article_S0022481200122686},
}

@article{Wintersteiger2013,
year={2013},
issn={0925-9856},
journal={Formal Methods in System Design},
volume={42},
number={1},
doi={10.1007/s10703-012-0156-2},
title={Efficiently solving quantified bit-vector formulas},
url={http://dx.doi.org/10.1007/s10703-012-0156-2},
publisher={Springer US},
keywords={Theorem proving; Satisfiability; SMT; Bit-vectors; QBF},
author={Wintersteiger, ChristophM. and Hamadi, Youssef and de Moura, Leonardo},
pages={3-23},
language={English}
}

@article{deOliveira2012,
title = "Combining decision procedures by (model-)equality propagation",
journal = "Science of Computer Programming ",
volume = "77",
number = "4",
pages = "518 - 532",
year = "2012",
note = "Brazilian Symposium on Formal Methods (SBMF 2008) ",
issn = "0167-6423",
doi = "http://dx.doi.org/10.1016/j.scico.2010.04.003",
url = "http://www.sciencedirect.com/science/article/pii/S0167642310000729",
author = "Diego Caminha B. de Oliveira and David Déharbe and Pascal Fontaine",
keywords = "Formal verification",
keywords = "Automated theorem proving",
keywords = "\{SMT\} solving",
keywords = "Combination of decision procedures "
}

@incollection{hustadt2000,
year={2000},
isbn={978-3-540-67697-3},
booktitle={Automated Reasoning with Analytic Tableaux and Related Methods},
volume={1847},
series={Lecture Notes in Computer Science},
editor={Dyckhoff, Roy},
doi={10.1007/10722086_7},
title={MSPASS: Modal Reasoning by Translation and First-Order Resolution},
url={http://dx.doi.org/10.1007/10722086_7},
publisher={Springer Berlin Heidelberg},
author={Hustadt, Ullrich and Schmidt, RenateA.},
pages={67-71},
language={English}
}

@book{tarski1953,
   title =     {Undecidable Theories},
   author =    {Alfred Tarski (Eds.)},
   publisher = {Elsevier Science},
   isbn =      {978-0-444-53378-4,0720422469},
   year =      {1953},
   series =    {Studies in Logic and the Foundations of Mathematics 13},
   edition =   {},
   volume =    {},
   url =       {http://gen.lib.rus.ec/book/index.php?md5=3916058a19e239d6ee06aa91f2f75d3b}
}

@TECHREPORT{deMoura2007-relevancy,
    author = {Leonardo De Moura and Nikolaj Bjørner},
    title = {Relevancy Propagation},
    institution = {},
    year = {2007}
}

@phdthesis{Horbach2010,
    title = {Superposition-based Decision Procedures for Fixed Domain and Minimal Model Semantics},
    school = {Max Planck Institute for Computer Science and Saarland University},
    author = {Horbach, Matthias},
    year = {2010}
}

@book{Biere2009,
 author = {Biere, A. and Heule, M. and van Maaren, H. and Walsh, T.},
 title = {Handbook of Satisfiability: Volume 185 Frontiers in Artificial Intelligence and Applications},
 year = {2009},
 isbn = {1586039296, 9781586039295},
 publisher = {IOS Press},
 address = {Amsterdam, The Netherlands, The Netherlands},
} 

@incollection{Barrett2009,
   author = {Clark Barrett and Roberto Sebastiani and Sanjit Seshia and
	Cesare Tinelli},
   editor = {Armin Biere and Marijn J. H. Heule and Hans van Maaren and
	Toby Walsh},
   title = {{Satisfiability Modulo Theories}},
   booktitle = {Handbook of Satisfiability},
   series = {Frontiers in Artificial Intelligence and Applications},
   volume = 185,
   chapter = 26,
   pages = {825--885},
   publisher = {IOS Press},
   month = feb,
   year = 2009,
   url = {http://www.cs.nyu.edu/~barrett/pubs/BSST09.pdf}
}

@inproceedings{Baumgartner2013-compact,
    title = {Hierarchic Superposition: Completeness without Compactness},
    url = {hsp-macis-2013.pdf},
    booktitle = {{MACIS} 2013 –Fifth International Conference on Mathematical Aspects of Computer and Information Sciences},
    author = {Baumgartner, Peter and Waldmann, Uwe},
    editor = {Kosta, Marek and Sturm, Thomas},
    year = {2013},
    pages = {8--12}
}

@inproceedings{Claessen2003,
    title = {New Techniques that Improve {MACE}-style Finite Model Finding},
    booktitle = {Proceedings of the {CADE}-19 Workshop: Model Computation - Principles, Algorithms, Applications},
    author = {Claessen, Koen and Sörensson, Niklas},
    year = {2003}
}

@phdthesis{Reynolds2013-thesis,
    title = {Finite Model Finding in {SMT}},
    school = {University of Iowa},
    author = {Andrew Reynolds},
    month = dec,
    year = {2013}
}

@book{Baader1998,
    address = {New York, {NY}, {USA}},
    title = {Term Rewriting and All That},
    isbn = {0-521-45520-0},
    publisher = {Cambridge University Press},
    author = {Baader, Franz and Nipkow, Tobias},
    year = {1998}
}

@article{Lochner2006-lpo,
    title = {Things to Know When Implementing {LPO}},
    volume = {15},
    number = {1},
    journal = {International Journal on Artificial Intelligence Tools},
    author = {Löchner, Bernd},
    year = {2006},
    pages = {53--80}
}

@incollection{Amjad2007,
year={2007},
isbn={978-3-540-74620-1},
booktitle={Frontiers of Combining Systems},
volume={4720},
series={Lecture Notes in Computer Science},
editor={Konev, Boris and Wolter, Frank},
doi={10.1007/978-3-540-74621-8_6},
title={A Compressing Translation from Propositional Resolution to Natural Deduction},
url={http://dx.doi.org/10.1007/978-3-540-74621-8_6},
publisher={Springer Berlin Heidelberg},
author={Amjad, Hasan},
pages={88-102},
language={English}
}

@incollection{Areces2011,
year={2011},
isbn={978-3-642-24363-9},
booktitle={Frontiers of Combining Systems},
volume={6989},
series={Lecture Notes in Computer Science},
editor={Tinelli, Cesare and Sofronie-Stokkermans, Viorica},
doi={10.1007/978-3-642-24364-6_4},
title={Combining Theories: The Ackerman and Guarded Fragments},
url={http://dx.doi.org/10.1007/978-3-642-24364-6_4},
publisher={Springer Berlin Heidelberg},
author={Areces, Carlos and Fontaine, Pascal},
pages={40-54},
language={English}
}

@article{Armando2003,
title = "A rewriting approach to satisfiability procedures ",
journal = "Information and Computation ",
volume = "183",
number = "2",
pages = "140 - 164",
year = "2003",
note = "12th International Conference on Rewriting Techniques and Applications (RTA 2001) ",
issn = "0890-5401",
doi = "http://dx.doi.org/10.1016/S0890-5401(03)00020-8",
url = "http://www.sciencedirect.com/science/article/pii/S0890540103000208",
author = "Alessandro Armando and Silvio Ranise and Michaël Rusinowitch",
keywords = "Automated deduction",
keywords = "Equational logic",
keywords = "Term rewriting",
keywords = "Superposition",
keywords = "Decision procedures",
keywords = "Lists",
keywords = "Encryption",
keywords = "Arrays with extensionality",
keywords = "Finite sets with extensionality",
keywords = "Homomorphism "
}

@incollection{Armando2005,
year={2005},
isbn={978-3-540-29051-3},
booktitle={Frontiers of Combining Systems},
volume={3717},
series={Lecture Notes in Computer Science},
editor={Gramlich, Bernhard},
doi={10.1007/11559306_4},
title={On a Rewriting Approach to Satisfiability Procedures: Extension, Combination of Theories and an Experimental Appraisal},
url={http://dx.doi.org/10.1007/11559306_4},
publisher={Springer Berlin Heidelberg},
author={Armando, Alessandro and Bonacina, MariaPaola and Ranise, Silvio and Schulz, Stephan},
pages={65-80},
language={English}
}

@incollection{Azmy2013,
year={2013},
isbn={978-3-642-38573-5},
booktitle={Automated Deduction – CADE-24},
volume={7898},
series={Lecture Notes in Computer Science},
editor={Bonacina, MariaPaola},
doi={10.1007/978-3-642-38574-2_7},
title={Computing Tiny Clause Normal Forms},
url={http://dx.doi.org/10.1007/978-3-642-38574-2_7},
publisher={Springer Berlin Heidelberg},
author={Azmy, Noran and Weidenbach, Christoph},
pages={109-125},
language={English}
}

@article{Bachmair1994,
  author    = {Leo Bachmair and
               Harald Ganzinger},
  title     = {{Rewrite-Based Equational Theorem Proving with Selection and Simplification}},
  journal   = {J. Log. Comput.},
  volume    = {4},
  number    = {3},
  pages     = {217--247},
  year      = {1994},
  url       = {http://dx.doi.org/10.1093/logcom/4.3.217},
  doi       = {10.1093/logcom/4.3.217},
  timestamp = {Wed, 29 Jun 2011 15:52:27 +0200},
  biburl    = {http://dblp.uni-trier.de/rec/bib/journals/logcom/BachmairG94},
  bibsource = {dblp computer science bibliography, http://dblp.org}
}

@incollection{Bachmair2001-resolution,
  title={Resolution Theorem Proving.},
  author={Bachmair, Leo and Ganzinger, Harald},
  booktitle={Handbook of automated reasoning},
  volume={1},
  pages={19--99},
  editor = {Robinson, Alan and Voronkov, Andrei},                  
  year={2001}
}

@incollection{Barrett2006,
year={2006},
isbn={978-3-540-48281-9},
booktitle={Logic for Programming, Artificial Intelligence, and Reasoning},
volume={4246},
series={Lecture Notes in Computer Science},
editor={Hermann, Miki and Voronkov, Andrei},
doi={10.1007/11916277_35},
title={Splitting on Demand in SAT Modulo Theories},
url={http://dx.doi.org/10.1007/11916277_35},
publisher={Springer Berlin Heidelberg},
author={Barrett, Clark and Nieuwenhuis, Robert and Oliveras, Albert and Tinelli, Cesare},
pages={512-526},
language={English}
}

@incollection{Baumgartner2003,
year={2003},
isbn={978-3-540-40559-7},
booktitle={Automated Deduction – CADE-19},
volume={2741},
series={Lecture Notes in Computer Science},
editor={Baader, Franz},
doi={10.1007/978-3-540-45085-6_32},
title={The Model Evolution Calculus},
url={http://dx.doi.org/10.1007/978-3-540-45085-6_32},
publisher={Springer Berlin Heidelberg},
author={Baumgartner, Peter and Tinelli, Cesare},
pages={350-364},
language={English}
}

@incollection{Baumgartner2005-me-eq,
year={2005},
isbn={978-3-540-28005-7},
booktitle={Automated Deduction – CADE-20},
volume={3632},
series={Lecture Notes in Computer Science},
editor={Nieuwenhuis, Robert},
doi={10.1007/11532231_29},
title={The Model Evolution Calculus with Equality},
url={http://dx.doi.org/10.1007/11532231_29},
publisher={Springer Berlin Heidelberg},
author={Baumgartner, Peter and Tinelli, Cesare},
pages={392-408},
language={English}
}

@inproceedings{Baumgartner2006,
  author = {Peter Baumgartner and Alexander Fuchs and Cesare Tinelli},
  title = {Lemma Learning in the Model Evolution Calculus},
  url = {ME-lemma-learning.pdf},
  optcrossref = {},
  optkey = {},
  booktitle = {Logic for Programming, Artificial Intelligence and Reasoning (LPAR)},
  pages = {572-586},
  year = {2006},
  editor = {Miki Hermann and Andrei Voronkov},
  volume = {4246},
  optnumber = {},
  series = {LNAI},
  optaddress = {},
  optmonth = {},
  optorganization = {},
  publisher = {Springer},
  optannote = {}
}

@article{Baumgartner2009,
  author = {Peter Baumgartner and Alexander Fuchs and Hans de~Nivelle and Cesare Tinelli},
  title = {Computing Finite Models by Reduction to Function-Free Clause Logic},
  journal = {Journal of Applied Logic},
  year = {2009},
  publisher = {Elsevier},
  optkey = {},
  volume = {7},
  number = {1},
  era = {A},
  pages = {58-74},
  month = {March},
  doi = {10.1016/j.jal.2007.07.005}
}

@article{Baumgartner2011-me-sup,
year={2011},
issn={0168-7433},
journal={Journal of Automated Reasoning},
volume={47},
number={2},
doi={10.1007/s10817-010-9214-x},
title={A Combined Superposition and Model Evolution Calculus},
url={http://dx.doi.org/10.1007/s10817-010-9214-x},
publisher={Springer Netherlands},
keywords={Instance based methods; Superposition; Model evolution; Equality},
author={Baumgartner, Peter and Waldmann, Uwe},
pages={191-227},
language={English}
}

@inproceedings{Baumgartner2014-hsup,
  author = {Peter Baumgartner and Joshua Bax and Uwe Waldmann},
  title = {Finite Quantification in Hierarchic Theorem Proving},
  optcrossref = {},
  optkey = {},
  booktitle = {IJCAR 2014},
  year = {2014},
  editor = {S. Demri and D. Kapur and C. Weidenbach},
  volume = {8562},
  optnumber = {},
  series = {LNAI},
  pages = {152--167},
  url = {finite-quantification-IJCAR-2014.pdf},
  optmonth = {},
  address = {Vienna},
  optorganization = {},
  publisher = {Springer Switzerland},
  optannote = {}
}

@article{Baumgartner2014,
  author = {Peter Baumgartner},
  title = {Model Evolution Based Theorem Proving},
  journal = {IEEE Intelligent Systems},
  year = {2014},
  optkey = {},
  volume = {29},
  number = {1},
  pages = {4--10},
  month = {Jan.--Feb.},
  optnote = {},
  optannote = {},
  url = {MEBasedTheoremProving.pdf},
  doi = {10.1109/MIS.2013.124},
  copyright = {Copyright IEEE, \url{http://www.ieee.org}}
}

@inproceedings{Baumgartner2015,
  author = {Peter Baumgartner and Joshua Bax and Uwe Waldmann},
  title = {{Beagle} -- {A} {H}ierarchic {S}uperposition {T}heorem {P}rover},
  booktitle = {CADE-25 -- The 25th International Conference on Automated
		  Deduction},
  editor = {Amy Felty and Aart Middeldorp},
  year = {2015},
  series = {Lecture Notes in Artificial Intelligence},
  copyright = {Copyright Springer Verlag \url{http://www.springer.de/comp/lncs/index.html}},
  publisher = {Springer},
  url = {Beagle.pdf},
  abstract = {Beagle is an automated theorem prover for first-order logic modulo built-in
  theories. It implements a refined version of the hierarchic superposition
  calculus. This system description focuses on Beagle's proof procedure, background
  reasoning facilities, implementation, and experimental results.},
  note = {To appear}
}

@inproceedings{Beckert1997,
 author = {Beckert, Bernhard and Gor{\'e}, Rajeev},
 title = {Free Variable Tableaux for Propositional Modal Logics},
 booktitle = {Proceedings of the International Conference on Automated Reasoning with Analytic Tableaux and Related Methods},
 series = {TABLEAUX '97},
 year = {1997},
 isbn = {3-540-62920-3},
 pages = {91--106},
 numpages = {16},
 url = {http://dl.acm.org/citation.cfm?id=646888.708974},
 acmid = {708974},
 publisher = {Springer-Verlag},
 address = {London, UK, UK},
}

@article{Benzmuller2004,
     title = {Higher-Order Semantics and Extensionality},
     author = {Benzmüller, Christoph and Brown, Chad E. and Kohlhase, Michael},
     journal = {The Journal of Symbolic Logic},
     jstor_issuetitle = {},
     volume = {69},
     number = {4},
     jstor_formatteddate = {Dec., 2004},
     pages = {pp. 1027-1088},
     url = {http://www.jstor.org/stable/30041776},
     ISSN = {00224812}
     language = {English},
     year = {2004},
     publisher = {Association for Symbolic Logic},
     copyright = {Copyright © 2004 Association for Symbolic Logic}
    }

@article{Bonacina2015,
year={2015},
issn={0168-7433},
journal={Journal of Automated Reasoning},
doi={10.1007/s10817-015-9334-4},
title={Semantically-Guided Goal-Sensitive Reasoning: Model Representation},
url={http://dx.doi.org/10.1007/s10817-015-9334-4},
publisher={Springer Netherlands},
keywords={Theorem proving; Model building; Semantic guidance},
author={Bonacina, MariaPaola and Plaisted, DavidA.},
pages={1-29},
language={English}
}

@incollection{Bozzano2005,
year={2005},
isbn={978-3-540-25333-4},
booktitle={Tools and Algorithms for the Construction and Analysis of Systems},
volume={3440},
series={Lecture Notes in Computer Science},
editor={Halbwachs, Nicolas and Zuck, LenoreD.},
doi={10.1007/978-3-540-31980-1_21},
title={An Incremental and Layered Procedure for the Satisfiability of Linear Arithmetic Logic},
url={http://dx.doi.org/10.1007/978-3-540-31980-1_21},
publisher={Springer Berlin Heidelberg},
author={Bozzano, Marco and Bruttomesso, Roberto and Cimatti, Alessandro and Junttila, Tommi and van Rossum, Peter and Schulz, Stephan and Sebastiani, Roberto},
pages={317-333},
language={English}
}

@incollection{Brown2011,
year={2011},
isbn={978-3-642-22437-9},
booktitle={Automated Deduction – CADE-23},
volume={6803},
series={Lecture Notes in Computer Science},
editor={Bjørner, Nikolaj and Sofronie-Stokkermans, Viorica},
doi={10.1007/978-3-642-22438-6_13},
title={Reducing Higher-Order Theorem Proving to a Sequence of SAT Problems},
url={http://dx.doi.org/10.1007/978-3-642-22438-6_13},
publisher={Springer Berlin Heidelberg},
keywords={higher-order logic; simple type theory; higher-order theorem proving; abstract consistency; SAT solving},
author={Brown, ChadE.},
pages={147-161},
language={English}
}

@incollection{Brown2012,
year={2012},
isbn={978-3-642-31364-6},
booktitle={Automated Reasoning},
volume={7364},
series={Lecture Notes in Computer Science},
editor={Gramlich, Bernhard and Miller, Dale and Sattler, Uli},
doi={10.1007/978-3-642-31365-3_11},
title={Satallax: An Automatic Higher-Order Prover},
url={http://dx.doi.org/10.1007/978-3-642-31365-3_11},
publisher={Springer Berlin Heidelberg},
keywords={higher-order logic; simple type theory; higher-order theorem proving},
author={Brown, ChadE.},
pages={111-117},
language={English}
}

@article{Bruttomesso2009,
year={2009},
issn={1012-2443},
journal={Annals of Mathematics and Artificial Intelligence},
volume={55},
number={1-2},
doi={10.1007/s10472-009-9152-7},
title={Delayed theory combination vs. Nelson-Oppen for satisfiability modulo theories: a comparative analysis},
url={http://dx.doi.org/10.1007/s10472-009-9152-7},
publisher={Springer Netherlands},
keywords={Delayed theory combination; Nelson-Oppen; Satisfiability modulo theories; 94-02},
author={Bruttomesso, Roberto and Cimatti, Alessandro and Franzen, Anders and Griggio, Alberto and Sebastiani, Roberto},
pages={63-99},
language={English}
}

@incollection{Bundy2001-har,
  title = {The Automation of Proof By Mathematical Induction},
  author = {Bundy, Alan},                  
  booktitle={Handbook of automated reasoning},
  publisher = {Elsevier and {MIT} Press},
  volume={1},
  pages={845--911},
  editor = {Robinson, Alan and Voronkov, Andrei},                  
  year={2001}
}

@incollection{Cimatti2007,
year={2007},
isbn={978-3-540-72787-3},
booktitle={Theory and Applications of Satisfiability Testing – SAT 2007},
volume={4501},
series={Lecture Notes in Computer Science},
editor={Marques-Silva, João and Sakallah, KaremA.},
doi={10.1007/978-3-540-72788-0_32},
title={A Simple and Flexible Way of Computing Small Unsatisfiable Cores in SAT Modulo Theories},
url={http://dx.doi.org/10.1007/978-3-540-72788-0_32},
publisher={Springer Berlin Heidelberg},
author={Cimatti, Alessandro and Griggio, Alberto and Sebastiani, Roberto},
pages={334-339},
language={English}
}

@article{Cimatti2011,
  author    = {Alessandro Cimatti and
               Alberto Griggio and
               Roberto Sebastiani},
  title     = {Computing Small Unsatisfiable Cores in Satisfiability Modulo Theories},
  journal   = {J. Artif. Intell. Res. {(JAIR)}},
  volume    = {40},
  pages     = {701--728},
  year      = {2011},
  url       = {http://jair.org/papers/paper3196.html},
  timestamp = {Mon, 02 May 2011 14:03:51 +0200},
  biburl    = {http://dblp.uni-trier.de/rec/bib/journals/jair/CimattiGS11},
  bibsource = {dblp computer science bibliography, http://dblp.org}
}

@incollection{Claessen2013,
year={2013},
isbn={978-3-642-38573-5},
booktitle={Automated Deduction – CADE-24},
volume={7898},
series={Lecture Notes in Computer Science},
editor={Bonacina, MariaPaola},
doi={10.1007/978-3-642-38574-2_27},
title={Automating Inductive Proofs Using Theory Exploration},
url={http://dx.doi.org/10.1007/978-3-642-38574-2_27},
publisher={Springer Berlin Heidelberg},
author={Claessen, Koen and Johansson, Moa and Rosén, Dan and Smallbone, Nicholas},
pages={392-406},
language={English}
}

@article{Davenport1988,
title = "Real quantifier elimination is doubly exponential ",
journal = "Journal of Symbolic Computation ",
volume = "5",
number = "1–2",
pages = "29 - 35",
year = "1988",
note = "",
issn = "0747-7171",
doi = "http://dx.doi.org/10.1016/S0747-7171(88)80004-X",
url = "http://www.sciencedirect.com/science/article/pii/S074771718880004X",
author = "James H. Davenport and Joos Heintz"
}

@article{Detlefs2005,
 author = {Detlefs, David and Nelson, Greg and Saxe, James B.},
 title = {{Simplify: A Theorem Prover for Program Checking}},
 journal = {J. ACM},
 issue_date = {May 2005},
 volume = {52},
 number = {3},
 month = may,
 year = {2005},
 issn = {0004-5411},
 pages = {365--473},
 numpages = {109},
 url = {http://doi.acm.org/10.1145/1066100.1066102},
 doi = {10.1145/1066100.1066102},
 acmid = {1066102},
 publisher = {ACM},
 address = {New York, NY, USA},
 keywords = {Theorem proving, decision procedures, program checking},
}

@PhdThesis{Fontaine2004,
  title =        "Techniques for verification of concurrent systems with
                 invariants",
  author =       "Pascal Fontaine",
  year =         "2004",
  school =       "Institut Montefiore, Université de Liège",
  month =        sep,
  address =      "Belgium",
}

@incollection{Fontaine2011,
year={2011},
isbn={978-3-642-22437-9},
booktitle={Automated Deduction – CADE-23},
volume={6803},
series={Lecture Notes in Computer Science},
editor={Bjørner, Nikolaj and Sofronie-Stokkermans, Viorica},
doi={10.1007/978-3-642-22438-6_19},
title={Compression of Propositional Resolution Proofs via Partial Regularization},
url={http://dx.doi.org/10.1007/978-3-642-22438-6_19},
publisher={Springer Berlin Heidelberg},
author={Fontaine, Pascal and Merz, Stephan and Woltzenlogel Paleo, Bruno},
pages={237-251},
language={English}
}

@incollection{Fontaine2012,
year={2012},
isbn={978-3-642-31364-6},
booktitle={Automated Reasoning},
volume={7364},
series={Lecture Notes in Computer Science},
editor={Gramlich, Bernhard and Miller, Dale and Sattler, Uli},
doi={10.1007/978-3-642-31365-3_21},
title={Combination of Disjoint Theories: Beyond Decidability},
url={http://dx.doi.org/10.1007/978-3-642-31365-3_21},
publisher={Springer Berlin Heidelberg},
author={Fontaine, Pascal and Merz, Stephan and Weidenbach, Christoph},
pages={256-270},
language={English}
}

@incollection{Ge2009,
year={2009},
isbn={978-3-642-02657-7},
booktitle={Computer Aided Verification},
volume={5643},
series={Lecture Notes in Computer Science},
editor={Bouajjani, Ahmed and Maler, Oded},
doi={10.1007/978-3-642-02658-4_25},
title={{Complete Instantiation for Quantified Formulas in Satisfiabiliby Modulo Theories}},
url={http://dx.doi.org/10.1007/978-3-642-02658-4_25},
publisher={Springer Berlin Heidelberg},
author={Ge, Yeting and de Moura, Leonardo},
pages={306-320},
language={English}
}

@incollection{Giese2001,
year={2001},
isbn={978-3-540-42254-9},
booktitle={Automated Reasoning},
volume={2083},
series={Lecture Notes in Computer Science},
editor={Goré, Rajeev and Leitsch, Alexander and Nipkow, Tobias},
doi={10.1007/3-540-45744-5_46},
title={Incremental Closure of Free Variable Tableaux},
url={http://dx.doi.org/10.1007/3-540-45744-5_46},
publisher={Springer Berlin Heidelberg},
author={Giese, Martin},
pages={545-560},
language={English}
}

@book{Girard1989,
 author = {Girard, Jean-Yves and Taylor, Paul and Lafont, Yves},
 title = {Proofs and Types},
 year = {1989},
 isbn = {0-521-37181-3},
 publisher = {Cambridge University Press},
 address = {New York, NY, USA},
}

@incollection{Graf1995,
year={1995},
isbn={978-3-540-59200-6},
booktitle={Rewriting Techniques and Applications},
volume={914},
series={Lecture Notes in Computer Science},
editor={Hsiang, Jieh},
doi={10.1007/3-540-59200-8_52},
title={Substitution tree indexing},
url={http://dx.doi.org/10.1007/3-540-59200-8_52},
publisher={Springer Berlin Heidelberg},
author={Graf, Peter},
pages={117-131},
language={English}
}

@book{Harrison2009,
 author = {Harrison, John},
 title = {Handbook of Practical Logic and Automated Reasoning},
 year = {2009},
 isbn = {0521899575, 9780521899574},
 edition = {1st},
 publisher = {Cambridge University Press},
 address = {New York, NY, USA},
}

@article{Humberstone2006,
  author    = {Lloyd Humberstone},
  title     = {Extensions of Intuitionistic Logic without the Deduction Theorem:
               Some Simple Examples},
  journal   = {Reports on Mathematical Logic},
  volume    = {40},
  pages     = {45--82},
  year      = {2006},
  url       = {http://www.iphils.uj.edu.pl/rml/rml-40/03-humberstone.pdf},
  timestamp = {Fri, 27 Jul 2007 13:18:57 +0200},
  biburl    = {http://dblp.uni-trier.de/rec/bib/journals/rml/Humberstone06},
  bibsource = {dblp computer science bibliography, http://dblp.org}
}

@InCollection{Humberstone2013,
	author       =	{Humberstone, Lloyd},
	title        =	{Sentence Connectives in Formal Logic},
	booktitle    =	{The Stanford Encyclopedia of Philosophy},
	editor       =	{Edward N. Zalta},
	howpublished =	{\url{http://plato.stanford.edu/archives/sum2013/entries/connectives-logic/}},
	year         =	{2013},
	edition      =	{Summer 2013},
}

@incollection{Jovanovic2012,
year={2012},
isbn={978-3-642-31364-6},
booktitle={Automated Reasoning},
volume={7364},
series={Lecture Notes in Computer Science},
editor={Gramlich, Bernhard and Miller, Dale and Sattler, Uli},
doi={10.1007/978-3-642-31365-3_27},
title={Solving Non-linear Arithmetic},
url={http://dx.doi.org/10.1007/978-3-642-31365-3_27},
publisher={Springer Berlin Heidelberg},
author={Jovanović, Dejan and de Moura, Leonardo},
pages={339-354},
language={English}
}

@inproceedings{Kapur2006,
 author = {Kapur, Deepak and Majumdar, Rupak and Zarba, Calogero G.},
 title = {Interpolation for Data Structures},
 booktitle = {Proceedings of the 14th ACM SIGSOFT International Symposium on Foundations of Software Engineering},
 series = {SIGSOFT '06/FSE-14},
 year = {2006},
 isbn = {1-59593-468-5},
 location = {Portland, Oregon, USA},
 pages = {105--116},
 numpages = {12},
 url = {http://doi.acm.org/10.1145/1181775.1181789},
 doi = {10.1145/1181775.1181789},
 acmid = {1181789},
 publisher = {ACM},
 address = {New York, NY, USA},
 keywords = {CEGAR, data structure verification, interpolation},
}

@incollection{Korovin2012-conf-res,
year={2012},
isbn={978-3-642-29708-3},
booktitle={Perspectives of Systems Informatics},
volume={7162},
series={Lecture Notes in Computer Science},
editor={Clarke, Edmund and Virbitskaite, Irina and Voronkov, Andrei},
doi={10.1007/978-3-642-29709-0_31},
title={Implementing Conflict Resolution},
url={http://dx.doi.org/10.1007/978-3-642-29709-0_31},
publisher={Springer Berlin Heidelberg},
author={Korovin, Konstantin and Tsiskaridze, Nestan and Voronkov, Andrei},
pages={362-376},
language={English}
}

@inproceedings{Korovin2012,
author={Konstantin Korovin and Christoph Sticksel},
title={A Note on Model Representation and Proof Extraction in the First-Order Instantiation-Based Calculus {Inst-Gen}}, 
EDITOR = {Schmidt, Renate A. and Papacchini, Fabio},
YEAR = {2012},
booktitle = {Proceedings of the 19th Automated Reasoning Workshop (ARW'12)},
PUBLISHER = {School of Computer Science, The University of Manchester},
ADDRESS = {Manchester},
PAGES = {11-12},
URL = {http://arw2012.cs.man.ac.uk/},
}

@incollection{Kovacs2013,
year={2013},
isbn={978-3-642-39798-1},
booktitle={Computer Aided Verification},
volume={8044},
series={Lecture Notes in Computer Science},
editor={Sharygina, Natasha and Veith, Helmut},
doi={10.1007/978-3-642-39799-8_1},
title={First-Order Theorem Proving and Vampire},
url={http://dx.doi.org/10.1007/978-3-642-39799-8_1},
publisher={Springer Berlin Heidelberg},
author={Kovács, Laura and Voronkov, Andrei},
pages={1-35},
language={English}
}

@phdthesis{Kuhlwein2014,
  title={Machine Learning for Automated Reasoning},
  author={K{\"u}hlwein, Daniel},
  year={2014},
  school={Radboud University Nijmegen}
}

@incollection{Leino2012,
year={2012},
isbn={978-3-642-27939-3},
booktitle={Verification, Model Checking, and Abstract Interpretation},
volume={7148},
series={Lecture Notes in Computer Science},
editor={Kuncak, Viktor and Rybalchenko, Andrey},
doi={10.1007/978-3-642-27940-9_21},
title={Automating Induction with an SMT Solver},
url={http://dx.doi.org/10.1007/978-3-642-27940-9_21},
publisher={Springer Berlin Heidelberg},
author={Leino, K.RustanM.},
pages={315-331},
language={English}
}

@incollection{Manna2003,
year={2003},
isbn={978-3-540-20527-2},
booktitle={Formal Methods at the Crossroads. From Panacea to Foundational Support},
volume={2757},
series={Lecture Notes in Computer Science},
editor={Aichernig, BernhardK. and Maibaum, Tom},
doi={10.1007/978-3-540-40007-3_24},
title={Combining Decision Procedures},
url={http://dx.doi.org/10.1007/978-3-540-40007-3_24},
publisher={Springer Berlin Heidelberg},
author={Manna, Zohar and Zarba, CalogeroG.},
pages={381-422},
language={English}
}

@article{Marcos2009,
year={2009},
issn={0039-3215},
journal={Studia Logica},
volume={92},
number={2},
doi={10.1007/s11225-009-9196-z},
title={What is a Non-truth-functional Logic?},
url={http://dx.doi.org/10.1007/s11225-009-9196-z},
publisher={Springer Netherlands},
keywords={Abstract logics; formal semantics; truth-functionality},
author={Marcos, João},
pages={215-240},
language={English}
}

@article{Nguyen2000,
 author = {Nguyen, Linh Anh},
 title = {Constructing the Least Models for Positive Modal Logic Programs},
 journal = {Fundam. Inf.},
 issue_date = {January 2000},
 volume = {42},
 number = {1},
 month = jan,
 year = {2000},
 issn = {0169-2968},
 pages = {29--60},
 numpages = {32},
 url = {http://dl.acm.org/citation.cfm?id=2372498.2372500},
 acmid = {2372500},
 publisher = {IOS Press},
 address = {Amsterdam, The Netherlands, The Netherlands},
}

@incollection{Nieuwenhuis2001-har,
  title={{Paramodulation-Based Theorem Proving}},
  author={Nieuwenhuis, Robert and Rubio, Albert},
  booktitle={Handbook of automated reasoning},
  editor = {Robinson, Alan and Voronkov, Andrei},
  volume={1},
  pages={371--443},
  year={2001}
}

@inproceedings{Nieuwenhuis2005-proof,
 author = {Nieuwenhuis, Robert and Oliveras, Albert},
 title = {{Proof-producing Congruence Closure}},
 booktitle = {Proceedings of the 16th International Conference on Term Rewriting and Applications},
 series = {RTA'05},
 year = {2005},
 isbn = {3-540-25596-6, 978-3-540-25596-3},
 location = {Nara, Japan},
 pages = {453--468},
 numpages = {16},
 url = {http://dx.doi.org/10.1007/978-3-540-32033-3_33},
 doi = {10.1007/978-3-540-32033-3_33},
 acmid = {2155915},
 publisher = {Springer-Verlag},
 address = {Berlin, Heidelberg},
}

@incollection{Nieuwenhuis2005,
year={2005},
isbn={978-3-540-27231-1},
booktitle={Computer Aided Verification},
volume={3576},
series={Lecture Notes in Computer Science},
editor={Etessami, Kousha and Rajamani, SriramK.},
doi={10.1007/11513988_33},
title={DPLL(T) with Exhaustive Theory Propagation and Its Application to Difference Logic},
url={http://dx.doi.org/10.1007/11513988_33},
publisher={Springer Berlin Heidelberg},
author={Nieuwenhuis, Robert and Oliveras, Albert},
pages={321-334},
language={English}
}

@article{Nieuwenhuis2006,
 author = {Nieuwenhuis, Robert and Oliveras, Albert and Tinelli, Cesare},
 title = {Solving SAT and SAT Modulo Theories: From an Abstract Davis--Putnam--Logemann--Loveland Procedure to DPLL(T)},
 journal = {J. ACM},
 issue_date = {November 2006},
 volume = {53},
 number = {6},
 month = nov,
 year = {2006},
 issn = {0004-5411},
 pages = {937--977},
 numpages = {41},
 url = {http://doi.acm.org/10.1145/1217856.1217859},
 doi = {10.1145/1217856.1217859},
 acmid = {1217859},
 publisher = {ACM},
 address = {New York, NY, USA},
 keywords = {SAT solvers, Satisfiability Modulo Theories},
}

@article{Nieuwenhuis2007,
title = {{Fast congruence closure and extensions}},
journal = "Information and Computation ",
volume = "205",
number = "4",
pages = "557 - 580",
year = "2007",
note = "Special Issue: 16th International Conference on Rewriting Techniques and Applications ",
issn = "0890-5401",
doi = "http://dx.doi.org/10.1016/j.ic.2006.08.009",
url = "http://www.sciencedirect.com/science/article/pii/S0890540106001581",
author = "Robert Nieuwenhuis and Albert Oliveras",
keywords = "Decision procedures",
keywords = "Congruence closure",
keywords = "Equational reasoning",
keywords = "Verification "
}

@incollection{Nonnengart2001,
  title = {Computing Small Clause Normal Forms},
  author = {Nonnengart, Andreas and Weidenbach, Christoph and Stadtwald, Im and Stadtwald, Im},
  booktitle={Handbook of automated reasoning},
  publisher = {Elsevier and {MIT} Press},
  volume={1},
  pages={335--367},
  editor = {Robinson, Alan and Voronkov, Andrei},                  
  year={2001}
}

@article{Ohlbach1997,
  title={Functional translation and second-order frame properties of modal logics},
  author={Ohlbach, Hans J{\"u}rgen and Schmidt, Renate A},
  journal={Journal of Logic and Computation},
  volume={7},
  number={5},
  pages={581--603},
  year={1997},
  publisher={Oxford Univ Press}
}

@article{Oppen1980,
 author = {Oppen, Derek C.},
 title = {Reasoning About Recursively Defined Data Structures},
 journal = {J. ACM},
 issue_date = {July 1980},
 volume = {27},
 number = {3},
 month = jul,
 year = {1980},
 issn = {0004-5411},
 pages = {403--411},
 numpages = {9},
 url = {http://doi.acm.org/10.1145/322203.322204},
 doi = {10.1145/322203.322204},
 acmid = {322204},
 publisher = {ACM},
 address = {New York, NY, USA},
}

@inproceedings{Reynolds2014,
 author = {Reynolds, Andrew and Tinelli, Cesare and de Moura, Leonardo},
 title = {{Finding Conflicting Instances of Quantified Formulas in SMT}},
 booktitle = {Proceedings of the 14th Conference on Formal Methods in Computer-Aided Design},
 series = {FMCAD '14},
 year = {2014},
 isbn = {978-0-9835678-4-4},
 location = {Lausanne, Switzerland},
 pages = {31:195--31:202},
 articleno = {31},
 numpages = {8},
 url = {http://dl.acm.org/citation.cfm?id=2682923.2682957},
 acmid = {2682957},
 publisher = {FMCAD Inc},
 address = {Austin, TX},
}

@incollection{Reynolds2015-induction,
year={2015},
isbn={978-3-662-46080-1},
booktitle={Verification, Model Checking, and Abstract Interpretation},
volume={8931},
series={Lecture Notes in Computer Science},
editor={D’Souza, Deepak and Lal, Akash and Larsen, KimGuldstrand},
doi={10.1007/978-3-662-46081-8_5},
title={Induction for SMT Solvers},
url={http://dx.doi.org/10.1007/978-3-662-46081-8_5},
publisher={Springer Berlin Heidelberg},
author={Reynolds, Andrew and Kuncak, Viktor},
pages={80-98},
language={English}
}

@book{Robinson2001,
 editor = {Robinson, Alan and Voronkov, Andrei},
 title = {Handbook of Automated Reasoning},
 year = {2001},
 isbn = {0-444-50812-0},
 publisher = {Elsevier Science Publishers B. V.},
 address = {Amsterdam, The Netherlands, The Netherlands},
}

@article{Sebastiani2007,
  author    = {Roberto Sebastiani},
  title     = {{Lazy Satisability Modulo Theories}},
  journal   = {{JSAT}},
  volume    = {3},
  number    = {3-4},
  pages     = {141--224},
  year      = {2007},
  url       = {http://jsat.ewi.tudelft.nl/content/volume3/JSAT3_9_Sebastiani.pdf},
  timestamp = {Tue, 05 May 2009 14:25:52 +0200},
  biburl    = {http://dblp.uni-trier.de/rec/bib/journals/jsat/Sebastiani07},
  bibsource = {dblp computer science bibliography, http://dblp.org}
}

@phdthesis{Stickel2011,
    title = {Efficient Equational Reasoning for the Inst-Gen Framework},
    school = {University of Manchester},
    author = {Stickel, Christoph},
    year = {2011}
}

@article{Stillman1973,
 author = {Stillman, Rona B.},
 title = {The Concept of Weak Substitution in Theorem-Proving},
 journal = {J. ACM},
 issue_date = {Oct. 1973},
 volume = {20},
 number = {4},
 month = oct,
 year = {1973},
 issn = {0004-5411},
 pages = {648--667},
 numpages = {20},
 url = {http://doi.acm.org/10.1145/321784.321792},
 doi = {10.1145/321784.321792},
 acmid = {321792},
 publisher = {ACM},
 address = {New York, NY, USA},
}

@incollection{Tiwari2000,
year={2000},
isbn={978-3-540-67664-5},
booktitle={Automated Deduction - CADE-17},
volume={1831},
series={Lecture Notes in Computer Science},
editor={McAllester, David},
doi={10.1007/10721959_17},
title={{Rigid E-Unification Revisited}},
url={http://dx.doi.org/10.1007/10721959_17},
publisher={Springer Berlin Heidelberg},
author={Tiwari, Ashish and Bachmair, Leo and Ruess, Harald},
pages={220-234},
language={English}
}

@incollection{Weidenbach2001,
    title = {Combining Superposition, Sorts and Splitting},
    volume = {2},
    booktitle = {Handbook of Automated Reasoning},
    publisher = {Elsevier and {MIT} Press},
    author = {Weidenbach, Christoph},
    editor = {Robinson, John Alan and Voronkov, Andrei},
    year = {2001},
    pages = {1965--2013}
}

@incollection{Weidenbach2009,
year={2009},
isbn={978-3-642-02958-5},
booktitle={Automated Deduction – CADE-22},
volume={5663},
series={Lecture Notes in Computer Science},
editor={Schmidt, RenateA.},
doi={10.1007/978-3-642-02959-2_10},
title={SPASS Version 3.5},
url={http://dx.doi.org/10.1007/978-3-642-02959-2_10},
publisher={Springer Berlin Heidelberg},
author={Weidenbach, Christoph and Dimova, Dilyana and Fietzke, Arnaud and Kumar, Rohit and Suda, Martin and Wischnewski, Patrick},
pages={140-145},
language={English}
}

@incollection{Woods2013,
year={2013},
isbn={978-3-642-39211-5},
booktitle={Automata, Languages, and Programming},
volume={7966},
series={Lecture Notes in Computer Science},
editor={Fomin, FedorV. and Freivalds, Rūsiņš and Kwiatkowska, Marta and Peleg, David},
doi={10.1007/978-3-642-39212-2_37},
title={Presburger Arithmetic, Rational Generating Functions, and Quasi-Polynomials},
url={http://dx.doi.org/10.1007/978-3-642-39212-2_37},
publisher={Springer Berlin Heidelberg},
author={Woods, Kevin},
pages={410-421},
language={English}
}

@inproceedings{Zhang2001,
 author = {Zhang, Lintao and Madigan, Conor F. and Moskewicz, Matthew H. and Malik, Sharad},
 title = {Efficient Conflict Driven Learning in a Boolean Satisfiability Solver},
 booktitle = {Proceedings of the 2001 IEEE/ACM International Conference on Computer-aided Design},
 series = {ICCAD '01},
 year = {2001},
 isbn = {0-7803-7249-2},
 location = {San Jose, California},
 pages = {279--285},
 numpages = {7},
 url = {http://dl.acm.org/citation.cfm?id=603095.603153},
 acmid = {603153},
 publisher = {IEEE Press},
 address = {Piscataway, NJ, USA},
}

@incollection{deMoura2007,
year={2007},
isbn={978-3-540-73594-6},
booktitle={Automated Deduction – CADE-21},
volume={4603},
series={Lecture Notes in Computer Science},
editor={Pfenning, Frank},
doi={10.1007/978-3-540-73595-3_13},
title={{Efficient E-Matching for SMT Solvers}},
url={http://dx.doi.org/10.1007/978-3-540-73595-3_13},
publisher={Springer Berlin Heidelberg},
author={de Moura, Leonardo and Bj{\o}rner, Nikolaj},
pages={183-198},
language={English}
}

@article{deMoura2008-comb-t,
 author = {de Moura, Leonardo and Bj{\o}rner, Nikolaj},
 title = {Model-based Theory Combination},
 journal = {Electron. Notes Theor. Comput. Sci.},
 issue_date = {May, 2008},
 volume = {198},
 number = {2},
 month = may,
 year = {2008},
 issn = {1571-0661},
 pages = {37--49},
 numpages = {13},
 url = {http://dx.doi.org/10.1016/j.entcs.2008.04.079},
 doi = {10.1016/j.entcs.2008.04.079},
 acmid = {1371288},
 publisher = {Elsevier Science Publishers B. V.},
 address = {Amsterdam, The Netherlands, The Netherlands},
 keywords = {Decision Procedures, SMT, Theory Combination},
}

@inproceedings{deMoura2008,
 author = {Moura, Leonardo and Bj{\o}rner, Nikolaj},
 title = {{Engineering DPLL(T) + Saturation}},
 booktitle = {Proceedings of the 4th International Joint Conference on Automated Reasoning},
 series = {IJCAR '08},
 year = {2008},
 isbn = {978-3-540-71069-1},
 location = {Sydney, Australia},
 pages = {475--490},
 numpages = {16},
 url = {http://dx.doi.org/10.1007/978-3-540-71070-7_40},
 doi = {10.1007/978-3-540-71070-7_40},
 acmid = {1431163},
 publisher = {Springer-Verlag},
 address = {Berlin, Heidelberg},                  
}

@incollection{deMoura2013-rationals,
year={2013},
isbn={978-3-642-38573-5},
booktitle={Automated Deduction – CADE-24},
volume={7898},
series={Lecture Notes in Computer Science},
editor={Bonacina, MariaPaola},
doi={10.1007/978-3-642-38574-2_12},
title={Computation in Real Closed Infinitesimal and Transcendental Extensions of the Rationals},
url={http://dx.doi.org/10.1007/978-3-642-38574-2_12},
publisher={Springer Berlin Heidelberg},
author={de Moura, Leonardo and Passmore, GrantOlney},
pages={178-192},
language={English}
}

@incollection{deMoura2013-strategy,
year={2013},
isbn={978-3-642-36674-1},
booktitle={Automated Reasoning and Mathematics},
volume={7788},
series={Lecture Notes in Computer Science},
editor={Bonacina, MariaPaola and Stickel, MarkE.},
doi={10.1007/978-3-642-36675-8_2},
title={The Strategy Challenge in SMT Solving},
url={http://dx.doi.org/10.1007/978-3-642-36675-8_2},
publisher={Springer Berlin Heidelberg},
author={de Moura, Leonardo and Passmore, GrantOlney},
pages={15-44},
language={English}
}


@article{vonzurGathen1978,
     jstor_articletype = {research-article},
     title = {A Bound on Solutions of Linear Integer Equalities and Inequalities},
     author = {Joachim von zur Gathen and Sieveking, Malte},
     journal = {Proceedings of the American Mathematical Society},
     jstor_issuetitle = {},
     volume = {72},
     number = {1},
     jstor_formatteddate = {Oct., 1978},
     pages = {pp. 155-158},
     url = {http://www.jstor.org/stable/2042554},
     ISSN = {00029939},
     abstract = {Consider a system of linear equalities and inequalities with integer coefficients. We describe the set of rational solutions by a finite generating set of solution vectors. The entries of these vectors can be bounded by the absolute value of a certain subdeterminant. The smallest integer solution of the system has coefficients not larger than this subdeterminant times the number of indeterminates. Up to the latter factor, the bound is sharp.},
     language = {English},
     year = {1978},
     publisher = {American Mathematical Society},
     copyright = {Copyright © 1978 American Mathematical Society},
    }

@INPROCEEDINGS{Hoder2012, 
author={Hoder, K. and Khasidashvili, Z. and Korovin, K. and Voronkov, A.}, 
booktitle={Formal Methods in Computer-Aided Design (FMCAD), 2012}, 
title={Preprocessing techniques for first-order clausification}, 
year={2012}, 
month={Oct}, 
pages={44-51}, 
keywords={binary decision diagrams;computability;data structures;formal logic;formal verification;inference mechanisms;BDD;EPR;EPR fragmentation;SMT;TPTP;and-inverter graphs;data structure;effectively propositional fragment;first-order clausification;first-order formulas;first-order logic;first-order reasoning;industrial hardware verification problems;preprocessing techniques;propositional logic;quantified AIG;Boolean functions;Cognition;Data structures;Design automation;Encoding;Hardware;Standards},
}

@incollection{Baaz2001-har,
  title = {Normal form transformations},
  author = {Baaz, Mathias and Egly, Uwe and Leitsch, Alexander},                  
  booktitle={Handbook of automated reasoning},
  publisher = {Elsevier and {MIT} Press},
  volume={1},
  pages={273--334},
  editor = {Robinson, Alan and Voronkov, Andrei},                  
  year={2001}
}

@incollection{Berdini2014,
year={2014},
isbn={978-3-319-08586-9},
booktitle={Automated Reasoning},
volume={8562},
series={Lecture Notes in Computer Science},
editor={Demri, Stéphane and Kapur, Deepak and Weidenbach, Christoph},
doi={10.1007/978-3-319-08587-6_12},
title={Computing All Implied Equalities via SMT-Based Partition Refinement},
url={http://dx.doi.org/10.1007/978-3-319-08587-6_12},
publisher={Springer International Publishing},
keywords={Implied Equalities; Consequence Finding; Satisfiability Modulo Theories; Decision Procedures; Congruence Closure; Software Verification},
author={Berdine, Josh and Bjørner, Nikolaj},
pages={168-183},
language={English}
}

@incollection{Dutertre2014,
year={2014},
isbn={978-3-319-08866-2},
booktitle={Computer Aided Verification},
volume={8559},
series={Lecture Notes in Computer Science},
editor={Biere, Armin and Bloem, Roderick},
doi={10.1007/978-3-319-08867-9_49},
title={Yices 2.2},
url={http://dx.doi.org/10.1007/978-3-319-08867-9_49},
publisher={Springer International Publishing},
author={Dutertre, Bruno},
pages={737-744},
language={English}
}

@incollection{Voronkov2014,
year={2014},
isbn={978-3-319-08866-2},
booktitle={Computer Aided Verification},
volume={8559},
series={Lecture Notes in Computer Science},
editor={Biere, Armin and Bloem, Roderick},
doi={10.1007/978-3-319-08867-9_46},
title={AVATAR: The Architecture for First-Order Theorem Provers},
url={http://dx.doi.org/10.1007/978-3-319-08867-9_46},
publisher={Springer International Publishing},
author={Voronkov, Andrei},
pages={696-710},
language={English}
}

@incollection{Zeljic2014,
year={2014},
isbn={978-3-319-08586-9},
booktitle={Automated Reasoning},
volume={8562},
series={Lecture Notes in Computer Science},
editor={Demri, Stéphane and Kapur, Deepak and Weidenbach, Christoph},
doi={10.1007/978-3-319-08587-6_26},
title={Approximations for Model Construction},
url={http://dx.doi.org/10.1007/978-3-319-08587-6_26},
publisher={Springer International Publishing},
author={Zeljić, Aleksandar and Wintersteiger, ChristophM. and R\"ummer, Philipp},
pages={344-359},
language={English}
}

@incollection{Cavada2014,
year={2014},
isbn={978-3-319-08866-2},
booktitle={Computer Aided Verification},
volume={8559},
series={Lecture Notes in Computer Science},
editor={Biere, Armin and Bloem, Roderick},
doi={10.1007/978-3-319-08867-9_22},
title={The nuXmv Symbolic Model Checker},
url={http://dx.doi.org/10.1007/978-3-319-08867-9_22},
publisher={Springer International Publishing},
author={Cavada, Roberto and Cimatti, Alessandro and Dorigatti, Michele and Griggio, Alberto and Mariotti, Alessandro and Micheli, Andrea and Mover, Sergio and Roveri, Marco and Tonetta, Stefano},
pages={334-342},
language={English}
}

@MastersThesis{Cruanes2012,
    author     =     {Simon Cruanes},
    title     =     {First-order reasoning in {Y}ices2},
    school     =     {EPFL},
    address     =     {Lausanne, Suisse},
    year     =     {2012},
    }


@article{Riazanov2003,
 author = {Riazanov, Alexandre and Voronkov, Andrei},
 title = {Limited Resource Strategy in Resolution Theorem Proving},
 journal = {J. Symb. Comput.},
 issue_date = {July 2003},
 volume = {36},
 number = {1-2},
 month = jul,
 year = {2003},
 issn = {0747-7171},
 pages = {101--115},
 numpages = {15},
 url = {http://dx.doi.org/10.1016/S0747-7171(03)00040-3},
 doi = {10.1016/S0747-7171(03)00040-3},
 acmid = {937643},
 publisher = {Academic Press, Inc.},
 address = {Duluth, MN, USA},
}

@inproceedings{Backeman2015,
  author = {Peter Backeman and Philip R\"ummer},
  title = {Theorem {P}roving with {B}ounded {R}igid {E}-{U}nification},
  booktitle = {Automated Deduction - CADE-25, 25th International Conference on Automated Deduction, Berlin, Germany, August 1-7, 2015, Proceedings},
  editor = {Amy Felty and Aart Middeldorp},
  year = {2015},
  series = {Lecture Notes in Artificial Intelligence},
  volume={9195},
  copyright = {Copyright Springer Verlag \url{http://www.springer.de/comp/lncs/index.html}},
  publisher = {Springer}
}

@unpublished{Dross2013,
  title = {Adding Decision Procedures to {SMT} Solvers using Axioms with Triggers},
  author = {Dross, Claire and Conchon, Sylvain and Kanig, Johannes and Paskevich, Andrei},
  year = 2013,
  booktitle={11th International Workshop on Satisfiability Modulo Theories}
}

@incollection{Schulz2013-e,
year={2013},
isbn={978-3-642-45220-8},
booktitle={Logic for Programming, Artificial Intelligence, and Reasoning},
volume={8312},
series={Lecture Notes in Computer Science},
editor={McMillan, Ken and Middeldorp, Aart and Voronkov, Andrei},
doi={10.1007/978-3-642-45221-5_49},
title={System Description: E 1.8},
url={http://dx.doi.org/10.1007/978-3-642-45221-5_49},
publisher={Springer Berlin Heidelberg},
author={Schulz, Stephan},
pages={735-743},
language={English}
}

@inproceedings{deMoura2015,
  author = {Leonardo de Moura and Soonho Kong and Jeremy Avigad and Floris van Doorn and Jakob von Raumer},
  title = {{The Lean Theorem Prover (System Description)}},
  year = {2015},
  editor = {Amy Felty and Aart Middeldorp},
  year = {2015},
  series = {Lecture Notes in Artificial Intelligence},
 volume={9195},
 publisher = {Springer},
 booktitle = {Automated Deduction - CADE-25, 25th International Conference
               on Automated Deduction, Berlin, Germany, August 1-7, 2015,
               Proceedings}
}

@incollection{Baader2001,
  author    = {Franz Baader and
               Wayne Snyder},
  title     = {Unification Theory},
  booktitle = {Handbook of Automated Reasoning (in 2 volumes)},
  pages     = {445--532},
  year      = {2001},
  crossref  = {DBLP:books/el/RobinsonV01},
  timestamp = {Thu, 03 Jan 2002 11:51:18 +0100},
  biburl    = {http://dblp.uni-trier.de/rec/bib/books/el/RV01/BaaderS01},
  bibsource = {dblp computer science bibliography, http://dblp.org}
}

@incollection{Korovin2014-conf,
year={2014},
isbn={978-3-319-10514-7},
booktitle={Computer Algebra in Scientific Computing},
volume={8660},
series={Lecture Notes in Computer Science},
editor={Gerdt, VladimirP. and Koepf, Wolfram and Seiler, WernerM. and Vorozhtsov, EvgeniiV.},
doi={10.1007/978-3-319-10515-4_19},
title={Towards Conflict-Driven Learning for Virtual Substitution},
url={http://dx.doi.org/10.1007/978-3-319-10515-4_19},
publisher={Springer International Publishing},
author={Korovin, Konstantin and Kos̆ta, Marek and Sturm, Thomas},
pages={256-270},
language={English}
}

@incollection{Bansal2015,
year={2015},
isbn={978-3-319-21667-6},
booktitle={Computer Aided Verification},
volume={9207},
series={Lecture Notes in Computer Science},
editor={Kroening, Daniel and Păsăreanu, Corina S.},
doi={10.1007/978-3-319-21668-3_6},
title={Deciding Local Theory Extensions via E-matching},
url={http://dx.doi.org/10.1007/978-3-319-21668-3_6},
publisher={Springer International Publishing},
author={Bansal, Kshitij and Reynolds, Andrew and King, Tim and Barrett, Clark and Wies, Thomas},
pages={87-105},
language={English}
}

@inproceedings{Bromberger2015,
  author    = {Martin Bromberger and
               Thomas Sturm and
               Christoph Weidenbach},
  title     = {Linear Integer Arithmetic Revisited},
  booktitle = {Automated Deduction - {CADE-25} - 25th International Conference on
               Automated Deduction, Berlin, Germany, August 1-7, 2015, Proceedings},
  pages     = {623--637},
  year      = {2015},
  crossref  = {DBLP:conf/cade/2015},
  url       = {http://dx.doi.org/10.1007/978-3-319-21401-6_42},
  doi       = {10.1007/978-3-319-21401-6_42},
  timestamp = {Fri, 31 Jul 2015 13:18:27 +0200},
  biburl    = {http://dblp.uni-trier.de/rec/bib/conf/cade/Bromberger0W15},
  bibsource = {dblp computer science bibliography, http://dblp.org}
}

@inproceedings{Echenim2015,
  author    = {Mnacho Echenim and
               Nicolas Peltier and
               Sophie Tourret},
  title     = {Quantifier-Free Equational Logic and Prime Implicate Generation},
  booktitle = {Automated Deduction - {CADE-25} - 25th International Conference on
               Automated Deduction, Berlin, Germany, August 1-7, 2015, Proceedings},
  pages     = {311--325},
  year      = {2015},
  crossref  = {DBLP:conf/cade/2015},
  url       = {http://dx.doi.org/10.1007/978-3-319-21401-6_21},
  doi       = {10.1007/978-3-319-21401-6_21},
  timestamp = {Fri, 31 Jul 2015 13:18:27 +0200},
  biburl    = {http://dblp.uni-trier.de/rec/bib/conf/cade/EchenimPT15},
  bibsource = {dblp computer science bibliography, http://dblp.org}
}

@inproceedings{Fulton2015,
  author    = {Nathan Fulton and
               Stefan Mitsch and
               Jan{-}David Quesel and
               Marcus V{\"{o}}lp and
               Andr{\'{e}} Platzer},
  title     = {KeYmaera {X:} An Axiomatic Tactical Theorem Prover for Hybrid Systems},
  booktitle = {Automated Deduction - {CADE-25} - 25th International Conference on
               Automated Deduction, Berlin, Germany, August 1-7, 2015, Proceedings},
  pages     = {527--538},
  year      = {2015},
  crossref  = {DBLP:conf/cade/2015},
  url       = {http://dx.doi.org/10.1007/978-3-319-21401-6_36},
  doi       = {10.1007/978-3-319-21401-6_36},
  timestamp = {Fri, 31 Jul 2015 13:18:27 +0200},
  biburl    = {http://dblp.uni-trier.de/rec/bib/conf/cade/FultonMQVP15},
  bibsource = {dblp computer science bibliography, http://dblp.org}
}

@inproceedings{Passmore2015,
  author    = {Grant Olney Passmore},
  title     = {Decidability of Univariate Real Algebra with Predicates for Rational
               and Integer Powers},
  booktitle = {Automated Deduction - {CADE-25} - 25th International Conference on
               Automated Deduction, Berlin, Germany, August 1-7, 2015, Proceedings},
  pages     = {181--196},
  year      = {2015},
  crossref  = {DBLP:conf/cade/2015},
  url       = {http://dx.doi.org/10.1007/978-3-319-21401-6_12},
  doi       = {10.1007/978-3-319-21401-6_12},
  timestamp = {Fri, 31 Jul 2015 13:18:27 +0200},
  biburl    = {http://dblp.uni-trier.de/rec/bib/conf/cade/Passmore15},
  bibsource = {dblp computer science bibliography, http://dblp.org}
}

@inproceedings{Reger2015-avatar,
  author    = {Giles Reger and
               Martin Suda and
               Andrei Voronkov},
  title     = {Playing with {AVATAR}},
  booktitle = {Automated Deduction - {CADE-25} - 25th International Conference on
               Automated Deduction, Berlin, Germany, August 1-7, 2015, Proceedings},
  pages     = {399--415},
  year      = {2015},
  crossref  = {DBLP:conf/cade/2015},
  url       = {http://dx.doi.org/10.1007/978-3-319-21401-6_28},
  doi       = {10.1007/978-3-319-21401-6_28},
  timestamp = {Mon, 03 Aug 2015 17:48:05 +0200},
  biburl    = {http://dblp.uni-trier.de/rec/bib/conf/cade/RegerSV15},
  bibsource = {dblp computer science bibliography, http://dblp.org}
}

@inproceedings{Reger2015,
  author    = {Giles Reger and
               Dmitry Tishkovsky and
               Andrei Voronkov},
  title     = {{Cooperating Proof Attempts}},
  booktitle = {Automated Deduction - {CADE-25} - 25th International Conference on
               Automated Deduction, Berlin, Germany, August 1-7, 2015, Proceedings},
  pages     = {339--355},
  year      = {2015},
  crossref  = {DBLP:conf/cade/2015},
  url       = {http://dx.doi.org/10.1007/978-3-319-21401-6_23},
  doi       = {10.1007/978-3-319-21401-6_23},
  timestamp = {Fri, 31 Jul 2015 13:18:27 +0200},
  biburl    = {http://dblp.uni-trier.de/rec/bib/conf/cade/RegerTV15},
  bibsource = {dblp computer science bibliography, http://dblp.org}
}

@inproceedings{Reynolds2015,
  author    = {Andrew Reynolds and
               Morgan Deters and
               Viktor Kuncak and
               Cesare Tinelli and
               Clark W. Barrett},
  title     = {Counterexample-Guided Quantifier Instantiation for Synthesis in {SMT}},
  booktitle = {Computer Aided Verification - 27th International Conference, {CAV}
               2015, San Francisco, CA, USA, July 18-24, 2015, Proceedings, Part
               {II}},
  pages     = {198--216},
  year      = {2015},
  crossref  = {DBLP:conf/cav/2015},
  url       = {http://dx.doi.org/10.1007/978-3-319-21668-3_12},
  doi       = {10.1007/978-3-319-21668-3_12},
  timestamp = {Mon, 20 Jul 2015 11:19:16 +0200},
  biburl    = {http://dblp.uni-trier.de/rec/bib/conf/cav/ReynoldsDKTB15},
  bibsource = {dblp computer science bibliography, http://dblp.org}
}

@inproceedings{deMoura2015,
  author    = {Leonardo Mendon{\c{c}}a de Moura and
               Soonho Kong and
               Jeremy Avigad and
               Floris van Doorn and
               Jakob von Raumer},
  title     = {The Lean Theorem Prover (System Description)},
  booktitle = {Automated Deduction - {CADE-25} - 25th International Conference on
               Automated Deduction, Berlin, Germany, August 1-7, 2015, Proceedings},
  pages     = {378--388},
  year      = {2015},
  crossref  = {DBLP:conf/cade/2015},
  url       = {http://dx.doi.org/10.1007/978-3-319-21401-6_26},
  doi       = {10.1007/978-3-319-21401-6_26},
  timestamp = {Fri, 31 Jul 2015 13:18:27 +0200},
  biburl    = {http://dblp.uni-trier.de/rec/bib/conf/cade/MouraKADR15},
  bibsource = {dblp computer science bibliography, http://dblp.org}
}

@inproceedings{Saghafi2015,
  author    = {Salman Saghafi and
               Ryan Danas and
               Daniel J. Dougherty},
  title     = {Exploring Theories with a Model-Finding Assistant},
  booktitle = {Automated Deduction - {CADE-25} - 25th International Conference on
               Automated Deduction, Berlin, Germany, August 1-7, 2015, Proceedings},
  pages     = {434--449},
  year      = {2015},
  crossref  = {DBLP:conf/cade/2015},
  url       = {http://dx.doi.org/10.1007/978-3-319-21401-6_30},
  doi       = {10.1007/978-3-319-21401-6_30},
  timestamp = {Fri, 31 Jul 2015 13:18:27 +0200},
  biburl    = {http://dblp.uni-trier.de/rec/bib/conf/cade/SaghafiDD15},
  bibsource = {dblp computer science bibliography, http://dblp.org}
}

@inproceedings{DSilva2015,
  author    = {Vijay D'Silva and
               Caterina Urban},
  title     = {Conflict-Driven Conditional Termination},
  booktitle = {Computer Aided Verification - 27th International Conference, {CAV}
               2015, San Francisco, CA, USA, July 18-24, 2015, Proceedings, Part
               {II}},
  pages     = {271--286},
  year      = {2015},
  crossref  = {DBLP:conf/cav/2015},
  url       = {http://dx.doi.org/10.1007/978-3-319-21668-3_16},
  doi       = {10.1007/978-3-319-21668-3_16},
  timestamp = {Mon, 20 Jul 2015 11:19:16 +0200},
  biburl    = {http://dblp.uni-trier.de/rec/bib/conf/cav/DSilvaU15},
  bibsource = {dblp computer science bibliography, http://dblp.org}
}

@inproceedings{Tiwari2015,
  author    = {Ashish Tiwari and
               Adria Gasc{\'{o}}n and
               Bruno Dutertre},
  title     = {Program Synthesis Using Dual Interpretation},
  booktitle = {Automated Deduction - {CADE-25} - 25th International Conference on
               Automated Deduction, Berlin, Germany, August 1-7, 2015, Proceedings},
  pages     = {482--497},
  year      = {2015},
  crossref  = {DBLP:conf/cade/2015},
  url       = {http://dx.doi.org/10.1007/978-3-319-21401-6_33},
  doi       = {10.1007/978-3-319-21401-6_33},
  timestamp = {Fri, 31 Jul 2015 13:18:27 +0200},
  biburl    = {http://dblp.uni-trier.de/rec/bib/conf/cade/TiwariGD15},
  bibsource = {dblp computer science bibliography, http://dblp.org}
}

@inproceedings{DSilva2015-cade,
  author    = {Vijay D'Silva and
               Caterina Urban},
  title     = {Abstract Interpretation as Automated Deduction},
  booktitle = {Automated Deduction - {CADE-25} - 25th International Conference on
               Automated Deduction, Berlin, Germany, August 1-7, 2015, Proceedings},
  pages     = {450--464},
  year      = {2015},
  crossref  = {DBLP:conf/cade/2015},
  url       = {http://dx.doi.org/10.1007/978-3-319-21401-6_31},
  doi       = {10.1007/978-3-319-21401-6_31},
  timestamp = {Fri, 31 Jul 2015 13:18:27 +0200},
  biburl    = {http://dblp.uni-trier.de/rec/bib/conf/cade/DSilvaU15},
  bibsource = {dblp computer science bibliography, http://dblp.org}
}

@unpublished{Dutertre2015,
  title = {Solving Exists/Forall Problems with Yices},
  author = {Bruno Dutertre},
  year = 2015,
  booktitle={13th International Workshop on Satisfiability Modulo Theories}
}

@article{Bachmair1989,
  title={Completion Without Failure},
  author={Bachmair, Leo and Dershowitz, Nachum and Plaisted, David A},
  journal={Resolution of equations in algebraic structures},
  volume={2},
  pages={1--30},
  year={1989}
}

@incollection{Hoder2013,
year={2013},
isbn={978-3-642-38573-5},
booktitle={Automated Deduction – CADE-24},
volume={7898},
series={Lecture Notes in Computer Science},
editor={Bonacina, MariaPaola},
doi={10.1007/978-3-642-38574-2_33},
title={The 481 Ways to Split a Clause and Deal with Propositional Variables},
url={http://dx.doi.org/10.1007/978-3-642-38574-2_33},
publisher={Springer Berlin Heidelberg},
author={Hoder, Kryštof and Voronkov, Andrei},
pages={450-464},
language={English}
}

@incollection{Kanovich2015,
year={2015},
isbn={978-3-662-46665-0},
booktitle={Principles of Security and Trust},
volume={9036},
series={Lecture Notes in Computer Science},
editor={Focardi, Riccardo and Myers, Andrew},
doi={10.1007/978-3-662-46666-7_14},
title={Discrete vs. Dense Times in the Analysis of Cyber-Physical Security Protocols},
url={http://dx.doi.org/10.1007/978-3-662-46666-7_14},
publisher={Springer Berlin Heidelberg},
author={Kanovich, Max and Kirigin, TajanaBan and Nigam, Vivek and Scedrov, Andre and Talcott, Carolyn},
pages={259-279},
language={English}
}

@article{Fuchs2012,
  author    = {Alexander Fuchs and
               Amit Goel and
               Jim Grundy and
               Sava Krstic and
               Cesare Tinelli},
  title     = {Ground interpolation for the theory of equality},
  journal   = {Logical Methods in Computer Science},
  volume    = {8},
  number    = {1},
  year      = {2012},
  url       = {http://dx.doi.org/10.2168/LMCS-8(1:6)2012},
  doi       = {10.2168/LMCS-8(1:6)2012},
  timestamp = {Tue, 17 Apr 2012 19:37:54 +0200},
  biburl    = {http://dblp.uni-trier.de/rec/bib/journals/corr/abs-1111-5652},
  bibsource = {dblp computer science bibliography, http://dblp.org}
}

@incollection{Hoder2010,
year={2010},
isbn={978-3-642-14202-4},
booktitle={Automated Reasoning},
volume={6173},
series={Lecture Notes in Computer Science},
editor={Giesl, Jürgen and Hähnle, Reiner},
doi={10.1007/978-3-642-14203-1_16},
title={Interpolation and Symbol Elimination in Vampire},
url={http://dx.doi.org/10.1007/978-3-642-14203-1_16},
publisher={Springer Berlin Heidelberg},
author={Hoder, Kryštof and Kovács, Laura and Voronkov, Andrei},
pages={188-195},
language={English}
}

@inproceedings{Gorzny2015,
  author    = {Jan Gorzny and
               Bruno Woltzenlogel Paleo},
  title     = {Towards the Compression of First-Order Resolution Proofs by Lowering
               Unit Clauses},
  booktitle = {Automated Deduction - {CADE-25} - 25th International Conference on
               Automated Deduction, Berlin, Germany, August 1-7, 2015, Proceedings},
  pages     = {356--366},
  year      = {2015},
  crossref  = {DBLP:conf/cade/2015},
  url       = {http://dx.doi.org/10.1007/978-3-319-21401-6_24},
  doi       = {10.1007/978-3-319-21401-6_24},
  timestamp = {Fri, 31 Jul 2015 13:18:27 +0200},
  biburl    = {http://dblp.uni-trier.de/rec/bib/conf/cade/GorznyP15},
  bibsource = {dblp computer science bibliography, http://dblp.org}
}

@inproceedings{Bouajjani2009,
  author    = {Ahmed Bouajjani and
               Cezara Dragoi and
               Constantin Enea and
               Mihaela Sighireanu},
  title     = {A Logic-Based Framework for Reasoning about Composite Data Structures},
  booktitle = {{CONCUR} 2009 - Concurrency Theory, 20th International Conference,
               {CONCUR} 2009, Bologna, Italy, September 1-4, 2009. Proceedings},
  pages     = {178--195},
  year      = {2009},
  crossref  = {DBLP:conf/concur/2009},
  url       = {http://dx.doi.org/10.1007/978-3-642-04081-8_13},
  doi       = {10.1007/978-3-642-04081-8_13},
  timestamp = {Fri, 04 Sep 2009 09:08:46 +0200},
  biburl    = {http://dblp2.uni-trier.de/rec/bib/conf/concur/BouajjaniDES09},
  bibsource = {dblp computer science bibliography, http://dblp.org}
}

@unpublished{Schulz-eprover,
  title = {E 1.8 - User Manual},
  author = {Stephan Schulz}
  year = 2015,
  @Comment booktitle={13th International Workshop on Satisfiability Modulo Theories}
}

@phdthesis{Riazanov2003-phd,
    author = {Alexandre Riazanov},
    title = {Implementing an Efficient Theorem Prover},
    school = {University of Manchester},
    year = {2003},
    language = {eng}
}

@inproceedings{Baumgartner2015smttotptp,
  author = {Peter Baumgartner},
  title = {{SMTtoTPTP} -- {A} {C}onverter for {T}heorem {P}roving {F}ormats},
  booktitle = {CADE-25 -- The 25th International Conference on Automated
		  Deduction},
  editor = {Amy Felty and Aart Middeldorp},
  year = {2015},
  series = {LNAI},
  volume = {9195},
  pages = {285--294},
  series = {LNAI},
  copyright = {Copyright Springer Verlag \url{http://www.springer.de/comp/lncs/index.html}},
  publisher = {Springer},
  url = {SMTtoTPTP.pdf},
  abstract = {SMTtoTPTP is a converter from proof problems written in the SMT-LIB format into
  the TPTP TFF format.  The SMT-LIB format supports polymorphic sorts
  and frequently used theories like those of uninterpreted function symbols, arrays,
  and certain forms of arithmetics.
  The TPTP TFF format is an extension of the TPTP format widely used by automated
  theorem provers, adding a sort system and arithmetic theories.
 SMTtoTPTP is useful for, e.g., making SMT-LIB problems available to
  TPTP system developers, and for making TPTP systems available
  to users of SMT solvers.
 This paper describes how the conversion works, its functionality and limitations.}
}

@inproceedings{Riazanov2001,
  author    = {Alexandre Riazanov and
               Andrei Voronkov},
  title     = {Splitting Without Backtracking},
  booktitle = {Proceedings of the Seventeenth International Joint Conference on Artificial
               Intelligence, {IJCAI} 2001, Seattle, Washington, USA, August 4-10,
               2001},
  pages     = {611--617},
  year      = {2001},
  crossref  = {DBLP:conf/ijcai/2001},
  timestamp = {Mon, 20 Apr 2009 09:38:06 +0200},
  biburl    = {http://dblp.uni-trier.de/rec/bib/conf/ijcai/RiazanovV01},
  bibsource = {dblp computer science bibliography, http://dblp.org}
}

@incollection{Suter2011,
year={2011},
isbn={978-3-642-18274-7},
booktitle={Verification, Model Checking, and Abstract Interpretation},
volume={6538},
series={Lecture Notes in Computer Science},
editor={Jhala, Ranjit and Schmidt, David},
doi={10.1007/978-3-642-18275-4_28},
title={Sets with Cardinality Constraints in Satisfiability Modulo Theories},
url={http://dx.doi.org/10.1007/978-3-642-18275-4_28},
publisher={Springer Berlin Heidelberg},
author={Suter, Philippe and Steiger, Robin and Kuncak, Viktor},
pages={403-418},
language={English}
}

@article{Avron2015,
title = "Efficient reasoning with inconsistent information using C-systems ",
journal = "Information Sciences ",
volume = "296",
number = "",
pages = "219 - 236",
year = "2015",
note = "",
issn = "0020-0255",
doi = "http://dx.doi.org/10.1016/j.ins.2014.11.003",
url = "http://www.sciencedirect.com/science/article/pii/S0020025514010603",
author = "Arnon Avron and Beata Konikowska and Anna Zamansky",
keywords = "Inconsistent information",
keywords = "Analytic proof systems",
keywords = "Gentzen-style calculi",
keywords = "Paraconsistent logics",
keywords = "Many-valued logics",
keywords = "Non-deterministic logical matrices "
}

@incollection{Weidenbach2015,
year={2015},
isbn={978-3-319-23505-9},
booktitle={Correct System Design},
volume={9360},
series={Lecture Notes in Computer Science},
editor={Meyer, Roland and Platzer, André and Wehrheim, Heike},
doi={10.1007/978-3-319-23506-6_12},
title={Automated Reasoning Building Blocks},
url={http://dx.doi.org/10.1007/978-3-319-23506-6_12},
publisher={Springer International Publishing},
author={Weidenbach, Christoph},
pages={172-188},
language={English}
}

@inproceedings{Liang2014,
  author    = {Tianyi Liang and
               Andrew Reynolds and
               Cesare Tinelli and
               Clark Barrett and
               Morgan Deters},
  title     = {{A {DPLL(T)} Theory Solver for a Theory of Strings and Regular Expressions}},
  booktitle = {Computer Aided Verification - 26th International Conference, {CAV}
               2014, Held as Part of the Vienna Summer of Logic, {VSL} 2014, Vienna,
               Austria, July 18-22, 2014. Proceedings},
  pages     = {646--662},
  year      = {2014},
  crossref  = {DBLP:conf/cav/2014},
  url       = {http://dx.doi.org/10.1007/978-3-319-08867-9_43},
  doi       = {10.1007/978-3-319-08867-9_43},
  timestamp = {Mon, 30 Jun 2014 11:31:20 +0200},
  biburl    = {http://dblp.uni-trier.de/rec/bib/conf/cav/LiangRTBD14},
  bibsource = {dblp computer science bibliography, http://dblp.org}
}

@inproceedings{Brain2015,
  author    = {Martin Brain and
               Cesare Tinelli and
               Philipp R{\"{u}}mmer and
               Thomas Wahl},
  title     = {An Automatable Formal Semantics for {IEEE-754} Floating-Point Arithmetic},
  booktitle = {22nd {IEEE} Symposium on Computer Arithmetic, {ARITH} 2015, Lyon,
               France, June 22-24, 2015},
  pages     = {160--167},
  year      = {2015},
  crossref  = {DBLP:conf/arith/2015},
  url       = {http://dx.doi.org/10.1109/ARITH.2015.26},
  doi       = {10.1109/ARITH.2015.26},
  timestamp = {Thu, 27 Aug 2015 17:04:02 +0200},
  biburl    = {http://dblp.uni-trier.de/rec/bib/conf/arith/BrainTRW15},
  bibsource = {dblp computer science bibliography, http://dblp.org}
}

@unpublished{Barbosa2015,
  title = {{Congruence Closure with Free Variables (Work in Progress)}},
  author = {Barbosa, Haniel and Fontaine, Pascal},
  year = 2015,
  note={2nd International Workshop on Quantification}
}
@inproceedings{Alagi2015,
  author    = {G{\'{a}}bor Alagi and
               Christoph Weidenbach},
  title     = {{NRCL} - {A} Model Building Approach to the Bernays-Sch{\"{o}}nfinkel
               Fragment},
  booktitle = {Frontiers of Combining Systems - 10th International Symposium, FroCoS
               2015, Wroclaw, Poland, September 21-24, 2015. Proceedings},
  pages     = {69--84},
  year      = {2015},
  crossref  = {2015},
  url       = {http://dx.doi.org/10.1007/978-3-319-24246-0_5},
  doi       = {10.1007/978-3-319-24246-0_5},
  timestamp = {Mon, 21 Sep 2015 12:45:29 +0200},
  biburl    = {http://dblp2.uni-trier.de/rec/bib/conf/frocos/AlagiW15},
  bibsource = {dblp computer science bibliography, http://dblp.org}
}


@inproceedings{Backeman2015-fvhistory,
  author    = {Peter Backeman and
               Philipp R{\"{u}}mmer},
  title     = {Free Variables and Theories: Revisiting Rigid E-unification},
  booktitle = {Frontiers of Combining Systems - 10th International Symposium, FroCoS
               2015, Wroclaw, Poland, September 21-24, 2015. Proceedings},
  pages     = {3--13},
  year      = {2015},
  crossref  = {2015},
  url       = {http://dx.doi.org/10.1007/978-3-319-24246-0_1},
  doi       = {10.1007/978-3-319-24246-0_1},
  timestamp = {Mon, 21 Sep 2015 12:45:29 +0200},
  biburl    = {http://dblp2.uni-trier.de/rec/bib/conf/frocos/BackemanR15},
  bibsource = {dblp computer science bibliography, http://dblp.org}
}


@inproceedings{Burel2015,
  author    = {Guillaume Burel and
               Gilles Dowek and
               Ying Jiang},
  title     = {A Completion Method to Decide Reachability in Rewrite Systems},
  booktitle = {Frontiers of Combining Systems - 10th International Symposium, FroCoS
               2015, Wroclaw, Poland, September 21-24, 2015. Proceedings},
  pages     = {205--219},
  year      = {2015},
  crossref  = {2015},
  url       = {http://dx.doi.org/10.1007/978-3-319-24246-0_13},
  doi       = {10.1007/978-3-319-24246-0_13},
  timestamp = {Mon, 21 Sep 2015 12:45:29 +0200},
  biburl    = {http://dblp2.uni-trier.de/rec/bib/conf/frocos/BurelDJ15},
  bibsource = {dblp computer science bibliography, http://dblp.org}
}


@inproceedings{Erbatur2015,
  author    = {Serdar Erbatur and
               Deepak Kapur and
               Andrew M. Marshall and
               Paliath Narendran and
               Christophe Ringeissen},
  title     = {Unification and Matching in Hierarchical Combinations of Syntactic
               Theories},
  booktitle = {Frontiers of Combining Systems - 10th International Symposium, FroCoS
               2015, Wroclaw, Poland, September 21-24, 2015. Proceedings},
  pages     = {291--306},
  year      = {2015},
  crossref  = {2015},
  url       = {http://dx.doi.org/10.1007/978-3-319-24246-0_18},
  doi       = {10.1007/978-3-319-24246-0_18},
  timestamp = {Mon, 21 Sep 2015 12:45:29 +0200},
  biburl    = {http://dblp2.uni-trier.de/rec/bib/conf/frocos/ErbaturKMNR15},
  bibsource = {dblp computer science bibliography, http://dblp.org}
}


@inproceedings{Jaroschek2015,
  author    = {Maximilian Jaroschek and
               Pablo Federico Dobal and
               Pascal Fontaine},
  title     = {Adapting Real Quantifier Elimination Methods for Conflict Set Computation},
  booktitle = {Frontiers of Combining Systems - 10th International Symposium, FroCoS
               2015, Wroclaw, Poland, September 21-24, 2015. Proceedings},
  pages     = {151--166},
  year      = {2015},
  crossref  = {2015},
  url       = {http://dx.doi.org/10.1007/978-3-319-24246-0_10},
  doi       = {10.1007/978-3-319-24246-0_10},
  timestamp = {Mon, 21 Sep 2015 12:45:29 +0200},
  biburl    = {http://dblp2.uni-trier.de/rec/bib/conf/frocos/JaroschekDF15},
  bibsource = {dblp computer science bibliography, http://dblp.org}
}


@inproceedings{Liang2015,
  author    = {Tianyi Liang and
               Nestan Tsiskaridze and
               Andrew Reynolds and
               Cesare Tinelli and
               Clark Barrett},
  title     = {A Decision Procedure for Regular Membership and Length Constraints
               over Unbounded Strings},
  booktitle = {Frontiers of Combining Systems - 10th International Symposium, FroCoS
               2015, Wroclaw, Poland, September 21-24, 2015. Proceedings},
  pages     = {135--150},
  year      = {2015},
  crossref  = {2015},
  url       = {http://dx.doi.org/10.1007/978-3-319-24246-0_9},
  doi       = {10.1007/978-3-319-24246-0_9},
  timestamp = {Mon, 21 Sep 2015 12:45:29 +0200},
  biburl    = {http://dblp2.uni-trier.de/rec/bib/conf/frocos/LiangTRTB15},
  bibsource = {dblp computer science bibliography, http://dblp.org}
}


@inproceedings{Sultana2015,
  author    = {Nik Sultana and
               Christoph Benzm{\"{u}}ller and
               Lawrence C. Paulson},
  title     = {Proofs and Reconstructions},
  booktitle = {Frontiers of Combining Systems - 10th International Symposium, FroCoS
               2015, Wroclaw, Poland, September 21-24, 2015. Proceedings},
  pages     = {256--271},
  year      = {2015},
  crossref  = {2015},
  url       = {http://dx.doi.org/10.1007/978-3-319-24246-0_16},
  doi       = {10.1007/978-3-319-24246-0_16},
  timestamp = {Mon, 21 Sep 2015 12:45:29 +0200},
  biburl    = {http://dblp2.uni-trier.de/rec/bib/conf/frocos/SultanaBP15},
  bibsource = {dblp computer science bibliography, http://dblp.org}
}


@inproceedings{Teucke2015,
  author    = {Andreas Teucke and
               Christoph Weidenbach},
  title     = {First-Order Logic Theorem Proving and Model Building via Approximation
               and Instantiation},
  booktitle = {Frontiers of Combining Systems - 10th International Symposium, FroCoS
               2015, Wroclaw, Poland, September 21-24, 2015. Proceedings},
  pages     = {85--100},
  year      = {2015},
  crossref  = {2015},
  url       = {http://dx.doi.org/10.1007/978-3-319-24246-0_6},
  doi       = {10.1007/978-3-319-24246-0_6},
  timestamp = {Mon, 21 Sep 2015 12:45:29 +0200},
  biburl    = {http://dblp2.uni-trier.de/rec/bib/conf/frocos/TeuckeW15},
  bibsource = {dblp computer science bibliography, http://dblp.org}
}

@inproceedings{Schmidt2015,
  author    = {Renate A. Schmidt and
               Uwe Waldmann},
  title     = {Modal Tableau Systems with Blocking and Congruence Closure},
  booktitle = {Automated Reasoning with Analytic Tableaux and Related Methods - 24th
               International Conference, {TABLEAUX} 2015, Wroc{\l}aw, Poland, September
               21-24, 2015. Proceedings},
  pages     = {38--53},
  year      = {2015},
  crossref  = {DBLP:conf/tableaux/2015},
  url       = {http://dx.doi.org/10.1007/978-3-319-24312-2_4},
  doi       = {10.1007/978-3-319-24312-2_4},
  timestamp = {Fri, 11 Sep 2015 13:13:31 +0200},
  biburl    = {http://dblp2.uni-trier.de/rec/bib/conf/tableaux/SchmidtW15},
  bibsource = {dblp computer science bibliography, http://dblp.org}
}

@inproceedings{Backeman2015-tableaux,
  author    = {Peter Backeman and
               Philipp R{\"{u}}mmer},
  title     = {Efficient Algorithms for Bounded Rigid E-unification},
  booktitle = {Automated Reasoning with Analytic Tableaux and Related Methods - 24th
               International Conference, {TABLEAUX} 2015, Wroc{\l}aw, Poland, September
               21-24, 2015. Proceedings},
  pages     = {70--85},
  year      = {2015},
  crossref  = {DBLP:conf/tableaux/2015},
  url       = {http://dx.doi.org/10.1007/978-3-319-24312-2_6},
  doi       = {10.1007/978-3-319-24312-2_6},
  timestamp = {Fri, 11 Sep 2015 13:13:31 +0200},
  biburl    = {http://dblp2.uni-trier.de/rec/bib/conf/tableaux/BackemanR15},
  bibsource = {dblp computer science bibliography, http://dblp.org}
}
@inproceedings{Nalon2015,
  author    = {Cl{\'{a}}udia Nalon and
               Ullrich Hustadt and
               Clare Dixon},
  title     = {A Modal-Layered Resolution Calculus for {K}},
  booktitle = {Automated Reasoning with Analytic Tableaux and Related Methods - 24th
               International Conference, {TABLEAUX} 2015, Wroc{\l}aw, Poland, September
               21-24, 2015. Proceedings},
  pages     = {185--200},
  year      = {2015},
  crossref  = {DBLP:conf/tableaux/2015},
  url       = {http://dx.doi.org/10.1007/978-3-319-24312-2_13},
  doi       = {10.1007/978-3-319-24312-2_13},
  timestamp = {Fri, 11 Sep 2015 13:13:31 +0200},
  biburl    = {http://dblp2.uni-trier.de/rec/bib/conf/tableaux/NalonHD15},
  bibsource = {dblp computer science bibliography, http://dblp.org}
}

@article{Otten2010,
  author    = {Jens Otten},
  title     = {{Restricting backtracking in connection calculi}},
  journal   = {{AI} Commun.},
  volume    = {23},
  number    = {2-3},
  pages     = {159--182},
  year      = {2010},
  url       = {http://dx.doi.org/10.3233/AIC-2010-0464},
  doi       = {10.3233/AIC-2010-0464},
  timestamp = {Fri, 14 May 2010 14:07:38 +0200},
  biburl    = {http://dblp.uni-trier.de/rec/bib/journals/aicom/Otten10},
  bibsource = {dblp computer science bibliography, http://dblp.org}
}

@incollection{Jacobs2005,
year={2005},
isbn={978-3-540-28931-9},
booktitle={Automated Reasoning with Analytic Tableaux and Related Methods},
volume={3702},
series={Lecture Notes in Computer Science},
editor={Beckert, Bernhard},
doi={10.1007/11554554_13},
title={Comparing Instance Generation Methods for Automated Reasoning},
url={http://dx.doi.org/10.1007/11554554_13},
publisher={Springer Berlin Heidelberg},
author={Jacobs, Swen and Waldmann, Uwe},
pages={153-168},
language={English}
}

@article{Giese2007,
year={2007},
issn={0168-7433},
journal={Journal of Automated Reasoning},
volume={38},
number={1-3},
doi={10.1007/s10817-006-9050-1},
title={Superposition-based Equality Handling for Analytic Tableaux},
url={http://dx.doi.org/10.1007/s10817-006-9050-1},
publisher={Kluwer Academic Publishers},
keywords={superposition rules; equality handling; analytic tableaux},
author={Giese, Martin},
pages={127-153},
language={English}
}

@article{Hansen2012,
title = "Incremental variable splitting ",
journal = "Journal of Symbolic Computation ",
volume = "47",
number = "9",
pages = "1046 - 1065",
year = "2012",
note = "First-Order Theorem Proving ",
issn = "0747-7171",
doi = "http://dx.doi.org/10.1016/j.jsc.2011.12.032",
url = "http://www.sciencedirect.com/science/article/pii/S0747717111002252",
author = "Christian Mahesh Hansen and Roger Antonsen and Martin Giese and Arild Waaler",
keywords = "Theorem proving",
keywords = "Tableaux",
keywords = "Incremental closure",
keywords = "Variable splitting "
}

@incollection{Otten2011,
year={2011},
isbn={978-3-642-22118-7},
booktitle={Automated Reasoning with Analytic Tableaux and Related Methods},
volume={6793},
series={Lecture Notes in Computer Science},
editor={Brünnler, Kai and Metcalfe, George},
doi={10.1007/978-3-642-22119-4_18},
title={{A Non-clausal Connection Calculus}},
url={http://dx.doi.org/10.1007/978-3-642-22119-4_18},
publisher={Springer Berlin Heidelberg},
author={Otten, Jens},
pages={226-241},
language={English}
}

@incollection{Een2004,
year={2004},
isbn={978-3-540-20851-8},
booktitle={Theory and Applications of Satisfiability Testing},
volume={2919},
series={Lecture Notes in Computer Science},
editor={Giunchiglia, Enrico and Tacchella, Armando},
doi={10.1007/978-3-540-24605-3_37},
title={{An Extensible SAT-solver}},
url={http://dx.doi.org/10.1007/978-3-540-24605-3_37},
publisher={Springer Berlin Heidelberg},
author={E\'en, Niklas and S\"orensson, Niklas},
pages={502-518},
language={English}
}

@incollection{Dutertre2006,
year={2006},
isbn={978-3-540-37406-0},
booktitle={Computer Aided Verification},
volume={4144},
series={Lecture Notes in Computer Science},
editor={Ball, Thomas and Jones, RobertB.},
doi={10.1007/11817963_11},
title={{A Fast Linear-Arithmetic Solver for DPLL(T)}},
url={http://dx.doi.org/10.1007/11817963_11},
publisher={Springer Berlin Heidelberg},
author={Dutertre, Bruno and de Moura, Leonardo},
pages={81-94},
language={English}
}

@incollection{Hadarean2014,
year={2014},
isbn={978-3-319-08866-2},
booktitle={Computer Aided Verification},
volume={8559},
series={Lecture Notes in Computer Science},
editor={Biere, Armin and Bloem, Roderick},
doi={10.1007/978-3-319-08867-9_45},
title={{A Tale of Two Solvers: Eager and Lazy Approaches to Bit-Vectors}},
url={http://dx.doi.org/10.1007/978-3-319-08867-9_45},
publisher={Springer International Publishing},
author={Hadarean, Liana and Bansal, Kshitij and Jovanović, Dejan and Barrett, Clark and Tinelli, Cesare},
pages={680-695},
language={English}
}

@incollection{Abdulla2015,
year={2015},
isbn={978-3-319-21689-8},
booktitle={Computer Aided Verification},
volume={9206},
series={Lecture Notes in Computer Science},
editor={Kroening, Daniel and Păsăreanu, Corina S.},
doi={10.1007/978-3-319-21690-4_29},
title={{Norn: An SMT Solver for String Constraints}},
url={http://dx.doi.org/10.1007/978-3-319-21690-4_29},
publisher={Springer International Publishing},
author={Abdulla, ParoshAziz and Atig, MohamedFaouzi and Chen, Yu-Fang and Hol\'ik, Luk\'a\vs and Rezine, Ahmed and R\"ummer, Philipp and Stenman, Jari},
pages={462-469},
language={English}
}

@inproceedings{deMoura2013,
  author    = {Leonardo Mendon{\c{c}}a de Moura and
               Dejan Jovanovic},
  title     = {{A Model-Constructing Satisfiability Calculus}},
  booktitle = {Verification, Model Checking, and Abstract Interpretation, 14th International
               Conference, {VMCAI} 2013, Rome, Italy, January 20-22, 2013. Proceedings},
  pages     = {1--12},
  year      = {2013},
  crossref  = {DBLP:conf/vmcai/2013},
  url       = {http://dx.doi.org/10.1007/978-3-642-35873-9_1},
  doi       = {10.1007/978-3-642-35873-9_1},
  timestamp = {Fri, 25 Jan 2013 09:43:18 +0100},
  biburl    = {http://dblp.uni-trier.de/rec/bib/conf/vmcai/MouraJ13},
  bibsource = {dblp computer science bibliography, http://dblp.org}
}

@article{Moskal2008,
 author = {Moskal, Micha{\l} and {\L}opusza\'{n}ski, Jakub and Kiniry, Joseph R.},
 title = {{E-matching for Fun and Profit}},
 journal = {Electron. Notes Theor. Comput. Sci.},
 issue_date = {May, 2008},
 volume = {198},
 number = {2},
 month = may,
 year = {2008},
 issn = {1571-0661},
 pages = {19--35},
 numpages = {17},
 url = {http://dx.doi.org/10.1016/j.entcs.2008.04.078},
 doi = {10.1016/j.entcs.2008.04.078},
 acmid = {1371287},
 publisher = {Elsevier Science Publishers B. V.},
 address = {Amsterdam, The Netherlands, The Netherlands},
 keywords = {E-matching, SMT, quantifier instantiation},
}

@incollection{Paskevich2006,
year={2006},
isbn={978-3-540-37187-8},
booktitle={Automated Reasoning},
volume={4130},
series={Lecture Notes in Computer Science},
editor={Furbach, Ulrich and Shankar, Natarajan},
doi={10.1007/11814771_10},
title={Connection Tableaux with Lazy Paramodulation},
url={http://dx.doi.org/10.1007/11814771_10},
publisher={Springer Berlin Heidelberg},
author={Paskevich, Andrei},
pages={112-124},
language={English}
}

@Book{Fitting1990,
  author       = "Melvin Fitting",
  title        = "First-Order Logic and Automated Theorem Proving",
  publisher    = "Springer-Verlag",
  address      = "Berlin",
  year         = "1990",
}

@incollection{Baumgartner2007-hyper,
year={2007},
isbn={978-3-540-73594-6},
booktitle={Automated Deduction – CADE-21},
volume={4603},
series={Lecture Notes in Computer Science},
editor={Pfenning, Frank},
doi={10.1007/978-3-540-73595-3_36},
title={Hyper Tableaux with Equality},
url={http://dx.doi.org/10.1007/978-3-540-73595-3_36},
publisher={Springer Berlin Heidelberg},
author={Baumgartner, Peter and Furbach, Ulrich and Pelzer, Björn},
pages={492-507},
language={English}
}

@incollection{Giese2002,
year={2002},
isbn={978-3-540-43929-5},
booktitle={Automated Reasoning with Analytic Tableaux and Related Methods},
volume={2381},
series={Lecture Notes in Computer Science},
editor={Egly, Uwe and Fermüller, ChritianG.},
doi={10.1007/3-540-45616-3_10},
title={A Model Generation Style Completeness Proof for Constraint Tableaux with Superposition},
url={http://dx.doi.org/10.1007/3-540-45616-3_10},
publisher={Springer Berlin Heidelberg},
author={Giese, Martin},
pages={130-144},
language={English}
}

@article{Paterson1978,
title = "Linear unification ",
journal = "Journal of Computer and System Sciences ",
volume = "16",
number = "2",
pages = "158 - 167",
year = "1978",
note = "",
issn = "0022-0000",
doi = "http://dx.doi.org/10.1016/0022-0000(78)90043-0",
url = "http://www.sciencedirect.com/science/article/pii/0022000078900430",
author = "M.S. Paterson and M.N. Wegman"
}

@incollection{Hoder2011,
author="Hoder, Kry{\v{s}}tof and Voronkov, Andrei",
editor="Bj{\o}rner, Nikolaj and Sofronie-Stokkermans, Viorica",
title="Sine Qua Non for Large Theory Reasoning",
booktitle="Automated Deduction -- CADE-23: 23rd International Conference on Automated Deduction, Wroc{\l}aw, Poland, July 31 - August 5, 2011. Proceedings",
year="2011",
publisher="Springer Berlin Heidelberg",
address="Berlin, Heidelberg",
pages="299--314",
isbn="978-3-642-22438-6",
doi="10.1007/978-3-642-22438-6_23",
url="http://dx.doi.org/10.1007/978-3-642-22438-6_23"
}


@InProceedings{Schulz2012,
  author = 	 {Stephan Schulz},
  title = 	 {{Fingerprint Indexing for Paramodulation and Rewriting}},
  booktitle = 	 {Proc.\ of the 6st IJCAR, Manchester},
  editor =	 {Bernhard Gramlich and Ulrike Sattler and Dale Miller},
  volume =	 {7364},
  series =	 {LNAI},
  year =	 {2012},
  publisher =	 {Springer},
  pages =	 {477--483},
  annote =       {StS},
}


@inproceedings{Leino2005,
 author = {Leino, K. Rustan M. and Musuvathi, Madan and Ou, Xinming},
 title = {{A Two-tier Technique for Supporting Quantifiers in a Lazily Proof-explicating Theorem Prover}},
 booktitle = {Proceedings of the 11th International Conference on Tools and Algorithms for the Construction and Analysis of Systems},
 series = {TACAS'05},
 year = {2005},
 isbn = {3-540-25333-5, 978-3-540-25333-4},
 location = {Edinburgh, UK},
 pages = {334--348},
 numpages = {15},
 url = {http://dx.doi.org/10.1007/978-3-540-31980-1_22},
 doi = {10.1007/978-3-540-31980-1_22},
 acmid = {2140682},
 publisher = {Springer-Verlag},
 address = {Berlin, Heidelberg},
} 

@inproceedings{Bouton2009,
  author    = {Thomas Bouton and
               Diego Caminha B. de Oliveira and
               David D{\'{e}}harbe and
               Pascal Fontaine},
  title     = {{veriT}: {A}n {O}pen, {T}rustable and {E}fficient {SMT-S}olver},
  booktitle = {Automated Deduction - CADE-22, 22nd International Conference on Automated
               Deduction, Montreal, Canada, August 2-7, 2009. Proceedings},
  pages     = {151--156},
  year      = {2009},
  crossref  = {DBLP:conf/cade/2009},
  url       = {http://dx.doi.org/10.1007/978-3-642-02959-2_12},
  doi       = {10.1007/978-3-642-02959-2_12},
  timestamp = {Wed, 29 Jul 2009 15:18:30 +0200},
  biburl    = {http://dblp.uni-trier.de/rec/bib/conf/cade/BoutonODF09},
  bibsource = {dblp computer science bibliography, http://dblp.org}
}
                  
@inproceedings{Monniaux2010,
 author = {Monniaux, David},
 title = {Quantifier Elimination by Lazy Model Enumeration},
 booktitle = {Proceedings of the 22Nd International Conference on Computer Aided Verification},
 series = {CAV'10},
 year = {2010},
 isbn = {3-642-14294-X, 978-3-642-14294-9},
 location = {Edinburgh, UK},
 pages = {585--599},
 numpages = {15},
 url = {http://dx.doi.org/10.1007/978-3-642-14295-6_51},
 doi = {10.1007/978-3-642-14295-6_51},
 acmid = {2144375},
 publisher = {Springer-Verlag},
 address = {Berlin, Heidelberg},
} 

@inproceedings{Barrett2011,
author="Barrett, Clark
and Conway, Christopher L.
and Deters, Morgan
and Hadarean, Liana
and Jovanovi{\'{c}}, Dejan
and King, Tim
and Reynolds, Andrew
and Tinelli, Cesare",
editor="Gopalakrishnan, Ganesh
and Qadeer, Shaz",
title={{CVC4}},
booktitle="Computer Aided Verification: 23rd International Conference, CAV 2011, Snowbird, UT, USA, July 14-20, 2011. Proceedings",
year="2011",
publisher="Springer Berlin Heidelberg",
address="Berlin, Heidelberg",
pages="171--177",
isbn="978-3-642-22110-1",
doi="10.1007/978-3-642-22110-1_14",
url="http://dx.doi.org/10.1007/978-3-642-22110-1_14"
}
                  
@InProceedings{Barrett2010,
  author =	 {Clark Barrett and Aaron Stump and Cesare Tinelli},
  title =	 {{The SMT-LIB Standard: Version 2.0}},
  year =	 2010,
  booktitle =	 {Proceedings of the 8th International Workshop on
                  Satisfiability Modulo Theories (Edinburgh, UK)},
  editor =	 {A.~Gupta and D.~Kroening},
}

@inproceedings{deMoura2008-z3,
  author    = {Leonardo Mendon{\c{c}}a de Moura and
               Nikolaj Bj{\o}rner},
  title     = {{{Z3:} An Efficient {SMT} Solver}},
  booktitle = {Tools and Algorithms for the Construction and Analysis of Systems,
               14th International Conference, {TACAS} 2008, Held as Part of the Joint
               European Conferences on Theory and Practice of Software, {ETAPS} 2008,
               Budapest, Hungary, March 29-April 6, 2008. Proceedings},
  pages     = {337--340},
  year      = {2008},
  crossref  = {DBLP:conf/tacas/2008},
  url       = {http://dx.doi.org/10.1007/978-3-540-78800-3_24},
  doi       = {10.1007/978-3-540-78800-3_24},
  timestamp = {Thu, 28 May 2015 17:23:18 +0200},
  biburl    = {http://dblp.uni-trier.de/rec/bib/conf/tacas/MouraB08},
  bibsource = {dblp computer science bibliography, http://dblp.org}
}

@inproceedings{Rummer2008,
author="R{\"u}mmer, Philipp",
editor="Cervesato, Iliano
and Veith, Helmut
and Voronkov, Andrei",
title="A Constraint Sequent Calculus for First-Order Logic with Linear Integer Arithmetic",
booktitle="Logic for Programming, Artificial Intelligence, and Reasoning: 15th International Conference, LPAR 2008, Doha, Qatar, November 22-27, 2008. Proceedings",
year="2008",
publisher="Springer Berlin Heidelberg",
address="Berlin, Heidelberg",
pages="274--289",
isbn="978-3-540-89439-1",
doi="10.1007/978-3-540-89439-1_20",
url="http://dx.doi.org/10.1007/978-3-540-89439-1_20"
}

@article{Xu2008,
 author = {Xu, Lin and Hutter, Frank and Hoos, Holger H. and Leyton-Brown, Kevin},
 title = {SATzilla: Portfolio-based Algorithm Selection for SAT},
 journal = {J. Artif. Int. Res.},
 issue_date = {May 2008},
 volume = {32},
 number = {1},
 month = jun,
 year = {2008},
 issn = {1076-9757},
 pages = {565--606},
 numpages = {42},
 url = {http://dl.acm.org/citation.cfm?id=1622673.1622687},
 acmid = {1622687},
 publisher = {AI Access Foundation},
 address = {USA},
} 

@inproceedings{Gomes1997,
 author = {Gomes, Carla P. and Selman, Bart},
 title = {Algorithm Portfolio Design: Theory vs. Practice},
 booktitle = {Proceedings of the Thirteenth Conference on Uncertainty in Artificial Intelligence},
 series = {UAI'97},
 year = {1997},
 isbn = {1-55860-485-5},
 location = {Providence, Rhode Island},
 pages = {190--197},
 numpages = {8},
 url = {http://dl.acm.org/citation.cfm?id=2074226.2074249},
 acmid = {2074249},
 publisher = {Morgan Kaufmann Publishers Inc.},
 address = {San Francisco, CA, USA},
} 

@inproceedings{Amin2014,
author="Amin, Nada
and Leino, K. Rustan M.
and Rompf, Tiark",
editor="Seidl, Martina
and Tillmann, Nikolai",
title="Computing with an SMT Solver",
booktitle="Tests and Proofs: 8th International Conference, TAP 2014, Held as Part of STAF 2014, York, UK, July 24-25, 2014. Proceedings",
year="2014",
publisher="Springer International Publishing",
address="Cham",
pages="20--35",
isbn="978-3-319-09099-3",
doi="10.1007/978-3-319-09099-3_2",
url="http://dx.doi.org/10.1007/978-3-319-09099-3_2"
}

@inproceedings{Leino2009,
 author = {Leino, K. Rustan M. and Monahan, Rosemary},
 title = {Reasoning About Comprehensions with First-order SMT Solvers},
 booktitle = {Proceedings of the 2009 ACM Symposium on Applied Computing},
 series = {SAC '09},
 year = {2009},
 isbn = {978-1-60558-166-8},
 location = {Honolulu, Hawaii},
 pages = {615--622},
 numpages = {8},
 url = {http://doi.acm.org/10.1145/1529282.1529411},
 doi = {10.1145/1529282.1529411},
 acmid = {1529411},
 publisher = {ACM},
 address = {New York, NY, USA},
 keywords = {SMT solvers, Spec\#, matching triggers, quantifiers},
} 

@INPROCEEDINGS{Degtyarev2001,
    author = {Anatoli Degtyarev and Andrei Voronkov},
    title = {Equality Reasoning in Sequent-Based Calculi},
    booktitle = {Handbook of Automated Reasoning, volume I, chapter 10},
    year = {2001},
    pages = {611--706},
    publisher = {Elsevier Science}
}

@InProceedings{Deharbe2011-proofs,
  title =        "Quantifier Inference Rules for {SMT} proofs",
  author =       "David D\'eharbe and Pascal Fontaine and Bruno
                 Woltzenlogel Paleo",
  booktitle =    "PxTP",
  year =         "2011",
}

@InProceedings{Besson2011,
  author       = "Fr\'ed\'eric Besson and Pascal Fontaine and Laurent Th\'ery",
  title        = "A Flexible Proof Format for {SMT}: a Proposal",
  year         = "2011",
  booktitle =    "PxTP",
}

@inproceedings{Reis2015,
  author    = {Giselle Reis},
  title     = {Importing {SMT} and Connection proofs as expansion trees},
  booktitle = {Proceedings Fourth Workshop on Proof eXchange for Theorem Proving,
               PxTP 2015, Berlin, Germany, August 2-3, 2015.},
  pages     = {3--10},
  year      = {2015},
  crossref  = {DBLP:journals/corr/KaliszykP15},
  url       = {http://dx.doi.org/10.4204/EPTCS.186.3},
  doi       = {10.4204/EPTCS.186.3},
  timestamp = {Thu, 03 Sep 2015 11:46:50 +0200},
  biburl    = {http://dblp.uni-trier.de/rec/bib/journals/corr/Reis15},
  bibsource = {dblp computer science bibliography, http://dblp.org}
}

                  
@inproceedings{Wetzler2014,
author="Wetzler, Nathan
and Heule, Marijn J. H.
and Hunt, Warren A.",
editor="Sinz, Carsten
and Egly, Uwe",
title="DRAT-trim: Efficient Checking and Trimming Using Expressive Clausal Proofs",
booktitle="Theory and Applications of Satisfiability Testing -- SAT 2014: 17th International Conference, Held as Part of the Vienna Summer of Logic, VSL 2014, Vienna, Austria, July 14-17, 2014. Proceedings",
year="2014",
publisher="Springer International Publishing",
address="Cham",
pages="422--429",
isbn="978-3-319-09284-3",
doi="10.1007/978-3-319-09284-3_31",
url="http://dx.doi.org/10.1007/978-3-319-09284-3_31"
}

@inproceedings{Jarvisalo2012,
  author    = {Matti J{\"{a}}rvisalo and
               Marijn Heule and
               Armin Biere},
  title     = {Inprocessing Rules},
  booktitle = {Automated Reasoning - 6th International Joint Conference, {IJCAR}
               2012, Manchester, UK, June 26-29, 2012. Proceedings},
  pages     = {355--370},
  year      = {2012},
  crossref  = {DBLP:conf/cade/2012},
  url       = {http://dx.doi.org/10.1007/978-3-642-31365-3_28},
  doi       = {10.1007/978-3-642-31365-3_28},
  timestamp = {Tue, 03 Jul 2012 10:44:08 +0200},
  biburl    = {http://dblp.uni-trier.de/rec/bib/conf/cade/JarvisaloHB12},
  bibsource = {dblp computer science bibliography, http://dblp.org}
}

@inproceedings{Korovin2007,
  author    = {Konstantin Korovin and
               Andrei Voronkov},
  title     = {Integrating Linear Arithmetic into Superposition Calculus},
  booktitle = {Computer Science Logic, 21st International Workshop, {CSL} 2007, 16th
               Annual Conference of the EACSL, Lausanne, Switzerland, September 11-15,
               2007, Proceedings},
  pages     = {223--237},
  year      = {2007},
  crossref  = {DBLP:conf/csl/2007},
  url       = {http://dx.doi.org/10.1007/978-3-540-74915-8_19},
  doi       = {10.1007/978-3-540-74915-8_19},
  timestamp = {Wed, 29 Aug 2007 15:09:44 +0200},
  biburl    = {http://dblp.uni-trier.de/rec/bib/conf/csl/KorovinV07},
  bibsource = {dblp computer science bibliography, http://dblp.org}
}

@Inproceedings{Brummayer2009,
author="Brummayer, Robert
and Biere, Armin",
editor="Kowalewski, Stefan
and Philippou, Anna",
title="Boolector: An Efficient SMT Solver for Bit-Vectors and Arrays",
bookTitle="Tools and Algorithms for the Construction and Analysis of Systems: 15th International Conference, TACAS 2009, Held as Part of the Joint European Conferences on Theory and Practice of Software, ETAPS 2009, York, UK, March 22-29, 2009. Proceedings",
year="2009",
publisher="Springer Berlin Heidelberg",
address="Berlin, Heidelberg",
pages="174--177",
isbn="978-3-642-00768-2",
doi="10.1007/978-3-642-00768-2_16",
url="http://dx.doi.org/10.1007/978-3-642-00768-2_16"
}

@article{Brummayer2009-lemmas,
  author    = {Robert Brummayer and
               Armin Biere},
  title     = {Lemmas on Demand for the Extensional Theory of Arrays},
  journal   = {{JSAT}},
  volume    = {6},
  number    = {1-3},
  pages     = {165--201},
  year      = {2009},
  url       = {http://jsat.ewi.tudelft.nl/content/volume6/JSAT6_9_Brummayer.pdf},
  timestamp = {Sat, 08 Jan 2011 17:34:15 +0100},
  biburl    = {http://dblp.uni-trier.de/rec/bib/journals/jsat/BrummayerB09},
  bibsource = {dblp computer science bibliography, http://dblp.org}
}

@inproceedings{Stump2001,
  author    = {Aaron Stump and
               Clark W. Barrett and
               David L. Dill and
               Jeremy R. Levitt},
  title     = {A Decision Procedure for an Extensional Theory of Arrays},
  booktitle = {16th Annual {IEEE} Symposium on Logic in Computer Science, Boston,
               Massachusetts, USA, June 16-19, 2001, Proceedings},
  pages     = {29--37},
  year      = {2001},
  crossref  = {DBLP:conf/lics/2001},
  url       = {http://dx.doi.org/10.1109/LICS.2001.932480},
  doi       = {10.1109/LICS.2001.932480},
  timestamp = {Fri, 21 Nov 2014 14:08:56 +0100},
  biburl    = {http://dblp.uni-trier.de/rec/bib/conf/lics/StumpBDL01},
  bibsource = {dblp computer science bibliography, http://dblp.org}
}

@article{Clarke2003,
  author    = {Edmund M. Clarke and
               Orna Grumberg and
               Somesh Jha and
               Yuan Lu and
               Helmut Veith},
  title     = {Counterexample-guided abstraction refinement for symbolic model checking},
  journal   = {J. {ACM}},
  volume    = {50},
  number    = {5},
  pages     = {752--794},
  year      = {2003},
  url       = {http://doi.acm.org/10.1145/876638.876643},
  doi       = {10.1145/876638.876643},
  timestamp = {Thu, 09 Feb 2006 13:34:10 +0100},
  biburl    = {http://dblp.uni-trier.de/rec/bib/journals/jacm/ClarkeGJLV03},
  bibsource = {dblp computer science bibliography, http://dblp.org}
}

@inproceedings{Niemetz2014,
  author    = {Aina Niemetz and
               Mathias Preiner and
               Armin Biere},
  title     = {Turbo-charging Lemmas on demand with don't care reasoning},
  booktitle = {Formal Methods in Computer-Aided Design, {FMCAD} 2014, Lausanne, Switzerland,
               October 21-24, 2014},
  pages     = {179--186},
  year      = {2014},
  crossref  = {DBLP:conf/fmcad/2014},
  url       = {http://dx.doi.org/10.1109/FMCAD.2014.6987611},
  doi       = {10.1109/FMCAD.2014.6987611},
  timestamp = {Thu, 08 Jan 2015 12:08:58 +0100},
  biburl    = {http://dblp.uni-trier.de/rec/bib/conf/fmcad/NiemetzPB14},
  bibsource = {dblp computer science bibliography, http://dblp.org}
}

@inproceedings{Preiner2013,
  author    = {Mathias Preiner and
               Aina Niemetz and
               Armin Biere},
  title     = {Lemmas on Demand for Lambdas},
  booktitle = {Proceedings of the Second International Workshop on Design and Implementation
               of Formal Tools and Systems, Portland, OR, USA, October 19, 2013.},
  year      = {2013},
  crossref  = {DBLP:conf/fmcad/2013difts},
  url       = {http://ceur-ws.org/Vol-1130/paper_7.pdf},
  timestamp = {Mon, 30 May 2016 16:28:37 +0200},
  biburl    = {http://dblp.uni-trier.de/rec/bib/conf/fmcad/PreinerNB13},
  bibsource = {dblp computer science bibliography, http://dblp.org}
}

@inproceedings{Preiner2015,
  author    = {Mathias Preiner and
               Aina Niemetz and
               Armin Biere},
  title     = {Better Lemmas with Lambda Extraction},
  booktitle = {Formal Methods in Computer-Aided Design, {FMCAD} 2015, Austin, Texas,
               USA, September 27-30, 2015.},
  pages     = {128--135},
  year      = {2015},
  crossref  = {DBLP:conf/fmcad/2015},
  timestamp = {Thu, 07 Jan 2016 15:57:52 +0100},
  biburl    = {http://dblp.uni-trier.de/rec/bib/conf/fmcad/PreinerNB15},
  bibsource = {dblp computer science bibliography, http://dblp.org}
}

@inproceedings{Goel2008,
 author = {Goel, Amit and Krsti\'{c}, Sava and Fuchs, Alexander},
 title = {Deciding Array Formulas with Frugal Axiom Instantiation},
 booktitle = {Proceedings of the Joint Workshops of the 6th International Workshop on Satisfiability Modulo Theories and 1st International Workshop on Bit-Precise Reasoning},
 series = {SMT '08/BPR '08},
 year = {2008},
 isbn = {978-1-60558-440-9},
 location = {Princeton, New Jersey, USA},
 pages = {12--17},
 numpages = {6},
 url = {http://doi.acm.org/10.1145/1512464.1512468},
 doi = {10.1145/1512464.1512468},
 acmid = {1512468},
 publisher = {ACM},
 address = {New York, NY, USA},
 keywords = {decision procedures, satisfiability modulo theories, the theory of arrays},
} 

@inproceedings{Conchon2011,
  author = {Sylvain Conchon and \'Evelyne Contejean and Mohamed Iguernelala},
  title = {{Canonized Rewriting and Ground AC Completion Modulo Shostak Theories}},
  crossref = {tacas2011},
  year = 2011,
  month = apr,
  type_publi = {icolcomlec},
  topics = {team},
  x-equipes = {demons PROVAL},
  x-type = {article},
  x-international-audience = {yes},
  x-proceedings = {yes},
  x-support = {actes},
  x-cle-support = {TACAS},
  url = {http://proval.lri.fr/publications/conchon11tacas.pdf},
  hal = {http://hal.inria.fr/hal-00777663},
  pages = {45-59},
  doi = {10.1007/978-3-642-19835-9_6},
  abstract = {http://www.lri.fr/~contejea/publis/2011tacas/abstract.html}
}

@Inproceedings{Bachmair2000,
author="Bachmair, L.
and Ramakrishnan, I. V.
and Tiwari, A.
and Vigneron, L.",
editor="Kirchner, H{\'e}l{\`e}ne
and Ringeissen, Christophe",
title="Congruence Closure Modulo Associativity and Commutativity",
bookTitle="Frontiers of Combining Systems: Third International Workshop, FroCoS 2000, Nancy, France, March 22-24, 2000. Proceedings",
year="2000",
publisher="Springer Berlin Heidelberg",
address="Berlin, Heidelberg",
pages="245--259",
isbn="978-3-540-46421-1",
doi="10.1007/10720084_16",
url="http://dx.doi.org/10.1007/10720084_16"
}

@article{Paulson1983,
  author    = {Lawrence C. Paulson},
  title     = {A Higher-Order Implementation of Rewriting},
  journal   = {Sci. Comput. Program.},
  volume    = {3},
  number    = {2},
  pages     = {119--149},
  year      = {1983},
  url       = {http://dx.doi.org/10.1016/0167-6423(83)90008-4},
  doi       = {10.1016/0167-6423(83)90008-4},
  timestamp = {Tue, 30 Aug 2011 17:13:46 +0200},
  biburl    = {http://dblp.uni-trier.de/rec/bib/journals/scp/Paulson83},
  bibsource = {dblp computer science bibliography, http://dblp.org}
}

@inproceedings{Hadarean2015,
  author    = {Liana Hadarean and
               Clark W. Barrett and
               Andrew Reynolds and
               Cesare Tinelli and
               Morgan Deters},
  title     = {Fine Grained {SMT} Proofs for the Theory of Fixed-Width Bit-Vectors},
  booktitle = {Logic for Programming, Artificial Intelligence, and Reasoning - 20th
               International Conference, {LPAR-20} 2015, Suva, Fiji, November 24-28,
               2015, Proceedings},
  pages     = {340--355},
  year      = {2015},
  crossref  = {DBLP:conf/lpar/2015},
  url       = {http://dx.doi.org/10.1007/978-3-662-48899-7_24},
  doi       = {10.1007/978-3-662-48899-7_24},
  timestamp = {Wed, 02 Dec 2015 15:09:37 +0100},
  biburl    = {http://dblp.uni-trier.de/rec/bib/conf/lpar/HadareanBRTD15},
  bibsource = {dblp computer science bibliography, http://dblp.org}
}