@article{avigad2003-skolem,
  author    = {Jeremy Avigad},
  title     = {Eliminating definitions and {Skolem} functions in first-order logic},
  journal   = {{ACM} Trans. Comput. Log.},
  volume    = {4},
  number    = {3},
  pages     = {402--415},
  year      = {2003},
  url       = {http://doi.acm.org/10.1145/772062.772068},
  doi       = {10.1145/772062.772068},
  timestamp = {Fri, 21 Nov 2003 08:34:41 +0100},
  biburl    = {http://dblp.uni-trier.de/rec/bib/journals/tocl/Avigad03},
  bibsource = {dblp computer science bibliography, http://dblp.org}
}

@article{baaz2012-deskolemization,
  author    = {Matthias Baaz and
               Stefan Hetzl and
               Daniel Weller},
  title     = {On the complexity of proof deskolemization},
  journal   = {J. Symb. Log.},
  volume    = {77},
  number    = {2},
  pages     = {669--686},
  year      = {2012},
  url       = {http://dx.doi.org/10.2178/jsl/1333566645},
  doi       = {10.2178/jsl/1333566645},
  timestamp = {Tue, 05 Aug 2014 16:36:20 +0200},
  biburl    = {http://dblp.uni-trier.de/rec/bib/journals/jsyml/BaazHW12},
  bibsource = {dblp computer science bibliography, http://dblp.org}
}

@article{beckert1995-leantap,
  author    = {Bernhard Beckert and
               Joachim Posegga},
  title     = {{leanTAP}: Lean Tableau-based Deduction},
  journal   = {J. Autom. Reasoning},
  volume    = {15},
  number    = {3},
  pages     = {339--358},
  year      = {1995},
  url       = {http://dx.doi.org/10.1007/BF00881804},
  doi       = {10.1007/BF00881804},
  timestamp = {Thu, 19 May 2011 15:52:31 +0200},
  biburl    = {http://dblp.uni-trier.de/rec/bib/journals/jar/BeckertP95},
  bibsource = {dblp computer science bibliography, http://dblp.org}
}

@phdthesis{blanchette2012-thesis,
  title     = {Automatic Proofs and Refutations for Higher-Order Logic},
  author    = {Jasmin C. Blanchette},
  year      = {2012},
  school    = {Universit{\"a}t M{\"u}nchen}
}

@article{blanchette2016-qed,
  author    = {Jasmin Christian Blanchette and
               Cezary Kaliszyk and
               Lawrence C. Paulson and
               Josef Urban},
  title     = {Hammering towards {QED}},
  journal   = {J. Formalized Reasoning},
  volume    = {9},
  number    = {1},
  pages     = {101--148},
  year      = {2016},
  url       = {http://dx.doi.org/10.6092/issn.1972-5787/4593},
  doi       = {10.6092/issn.1972-5787/4593},
  timestamp = {Wed, 17 Feb 2016 12:34:04 +0100},
  biburl    = {http://dblp.uni-trier.de/rec/bib/journals/jfrea/BlanchetteKPU16},
  bibsource = {dblp computer science bibliography, http://dblp.org}
}

@inproceedings{harrison1996-meson,
  author    = {John Harrison},
  title     = {Optimizing Proof Search in Model Elimination},
  booktitle = {Automated Deduction - CADE-13, 13th International Conference on Automated
               Deduction, New Brunswick, NJ, USA, July 30 - August 3, 1996, Proceedings},
  pages     = {313--327},
  year      = {1996},
  crossref  = {DBLP:conf/cade/1996},
  doi       = {10.1007/3-540-61511-3_97},
  timestamp = {Mon, 12 Oct 2009 13:44:00 +0200},
  biburl    = {http://dblp.uni-trier.de/rec/bib/conf/cade/Harrison96},
  bibsource = {dblp computer science bibliography, http://dblp.org}
}

@book{hilbert1939-mathematik,
  author    = {David Hilbert and Paul Bernays},
  title     = {Grundlagen der Mathematik II},
  publisher = {Springer-Verlag},
  year      = {1939}
}

@inproceedings{hurd2003-metis,
  author = {Joe Hurd},
  title = {First-Order Proof Tactics in Higher-Order Logic Theorem Provers},
  year = {2003},
  booktitle = {Design and Application of Strategies/Tactics in Higher Order Logics, number NASA/CP-2003-212448 in NASA Technical Reports},
  pages = {56--68},
  url = {http://www.gilith.com/research/papers}
}

@inproceedings{kaliszyk2015-leancop,
  author    = {Cezary Kaliszyk and
               Josef Urban and
               Jir{\'{\i}} Vyskocil},
  title     = {Certified Connection Tableaux Proofs for {HOL} {L}ight and {TPTP}},
  booktitle = {Proceedings of the 2015 Conference on Certified Programs and Proofs,
               {CPP} 2015, Mumbai, India, January 15-17, 2015},
  pages     = {59--66},
  year      = {2015},
  crossref  = {DBLP:conf/cpp/2015},
  url       = {http://doi.acm.org/10.1145/2676724.2693176},
  doi       = {10.1145/2676724.2693176},
  timestamp = {Thu, 22 Jan 2015 10:08:37 +0100},
  biburl    = {http://dblp.uni-trier.de/rec/bib/conf/cpp/KaliszykUV15},
  bibsource = {dblp computer science bibliography, http://dblp.org}
}

@inproceedings{kaliszyk2015-femalecop,
  author    = {Cezary Kaliszyk and
               Josef Urban},
  title     = {{FEMaLeCoP}: Fairly Efficient Machine Learning Connection Prover},
  booktitle = {Logic for Programming, Artificial Intelligence, and Reasoning - 20th
               International Conference, {LPAR-20} 2015, Suva, Fiji, November 24-28,
               2015, Proceedings},
  pages     = {88--96},
  year      = {2015},
  url       = {http://dx.doi.org/10.1007/978-3-662-48899-7_7},
  doi       = {10.1007/978-3-662-48899-7_7},
  timestamp = {Wed, 02 Dec 2015 15:09:37 +0100},
  biburl    = {http://dblp.uni-trier.de/rec/bib/conf/lpar/KaliszykU15},
  bibsource = {dblp computer science bibliography, http://dblp.org}
}

@inproceedings{kaliszyk2015-efficient,
  author    = {Cezary Kaliszyk},
  title     = {Efficient Low-Level Connection Tableaux},
  booktitle = {Automated Reasoning with Analytic Tableaux and Related Methods - 24th
               International Conference, {TABLEAUX} 2015, Wroc{\l}aw, Poland, September
               21-24, 2015. Proceedings},
  pages     = {102--111},
  year      = {2015},
  crossref  = {DBLP:conf/tableaux/2015},
  url       = {http://dx.doi.org/10.1007/978-3-319-24312-2_8},
  doi       = {10.1007/978-3-319-24312-2_8},
  timestamp = {Fri, 11 Sep 2015 13:13:31 +0200},
  biburl    = {http://dblp.uni-trier.de/rec/bib/conf/tableaux/Kaliszyk15},
  bibsource = {dblp computer science bibliography, http://dblp.org}
}

@inproceedings{kaliszyk2016-misabelle,
  author    = {Cezary Kaliszyk and
               Karol Pąk and
               Josef Urban},
  title     = {Towards a {Mizar} environment for {Isabelle}: Foundations and Language},
  booktitle = {Proceedings of the 5th {ACM} {SIGPLAN} Conference on Certified Programs
               and Proofs, Saint Petersburg, FL, USA, January 20-22, 2016},
  pages     = {58--65},
  year      = {2016},
  crossref  = {DBLP:conf/cpp/2016},
  url       = {http://doi.acm.org/10.1145/2854065.2854070},
  doi       = {10.1145/2854065.2854070},
  timestamp = {Mon, 18 Jan 2016 19:37:27 +0100},
  biburl    = {http://dblp.uni-trier.de/rec/bib/conf/cpp/KaliszykPU16},
  bibsource = {dblp computer science bibliography, http://dblp.org}
}

@inproceedings{kovacs2013-vampire,
  author    = {Laura Kovács and
               Andrei Voronkov},
  title     = {First-Order Theorem Proving and {V}ampire},
  booktitle = {Computer Aided Verification - 25th International Conference, {CAV}
               2013, Saint Petersburg, Russia, July 13-19, 2013. Proceedings},
  pages     = {1--35},
  year      = {2013},
  crossref  = {DBLP:conf/cav/2013},
  doi       = {10.1007/978-3-642-39799-8_1},
  timestamp = {Fri, 12 Jul 2013 13:57:42 +0200},
  biburl    = {http://dblp.uni-trier.de/rec/bib/conf/cav/KovacsV13},
  bibsource = {dblp computer science bibliography, http://dblp.org}
}

@phdthesis{miller1983-phd,
  author    = {Dale A. Miller},
  title     = {Proofs in Higher-Order Logic},
  school    = {Carnegie Mellon University},
  year      = {1983}
}

@article{miller1987-compact,
  author    = {Dale A. Miller},
  title     = {A compact representation of proofs},
  journal   = {Studia Logica},
  volume    = {46},
  number    = {4},
  pages     = {347--370},
  year      = {1987},
  doi       = {10.1007/BF00370646}
}

@article{nivelle2005-translation,
  author    = {Hans de Nivelle},
  title     = {Translation of resolution proofs into short first-order proofs without
               choice axioms},
  journal   = {Inf. Comput.},
  volume    = {199},
  number    = {1-2},
  pages     = {24--54},
  year      = {2005},
  url       = {http://dx.doi.org/10.1016/j.ic.2004.10.011},
  doi       = {10.1016/j.ic.2004.10.011},
  timestamp = {Wed, 22 Feb 2006 10:52:42 +0100},
  biburl    = {http://dblp.uni-trier.de/rec/bib/journals/iandc/Nivelle05},
  bibsource = {dblp computer science bibliography, http://dblp.org}
}

@book{nipkow2002-isabelle,
  author    = {Tobias Nipkow and
               Lawrence C. Paulson and
               Markus Wenzel},
  title     = {Isabelle/HOL - {A} Proof Assistant for Higher-Order Logic},
  series    = {Lecture Notes in Computer Science},
  volume    = {2283},
  publisher = {Springer},
  year      = {2002},
  isbn      = {3-540-43376-7},
  doi       = {10.1007/3-540-45949-9},
  timestamp = {Mon, 27 Jun 2011 15:25:29 +0200},
  biburl    = {http://dblp.uni-trier.de/rec/bib/books/sp/NipkowPW02},
  bibsource = {dblp computer science bibliography, http://dblp.org}
}

@incollection{nonnengart2001-cnf,
  author    = {Andreas Nonnengart and
               Christoph Weidenbach},
  title     = {Computing Small Clause Normal Forms},
  booktitle = {Handbook of Automated Reasoning (in 2 volumes)},
  pages     = {335--367},
  year      = {2001},
  crossref  = {DBLP:books/el/RobinsonV01},
  timestamp = {Thu, 03 Jan 2002 11:51:18 +0100},
  biburl    = {http://dblp.uni-trier.de/rec/bib/books/el/RV01/NonnengartW01},
  bibsource = {dblp computer science bibliography, http://dblp.org}
}

@article{otten2003-leancop,
  author    = {Jens Otten and
               Wolfgang Bibel},
  title     = {{leanCoP}: lean connection-based theorem proving},
  journal   = {J. Symb. Comput.},
  volume    = {36},
  number    = {1-2},
  pages     = {139--161},
  year      = {2003},
  url       = {http://dx.doi.org/10.1016/S0747-7171(03)00037-3},
  doi       = {10.1016/S0747-7171(03)00037-3},
  timestamp = {Wed, 19 Nov 2003 16:23:38 +0100},
  biburl    = {http://dblp.uni-trier.de/rec/bib/journals/jsc/OttenB03},
  bibsource = {dblp computer science bibliography, http://dblp.org}
}

@inproceedings{otten2008-leancop,
  author    = {Jens Otten},
  title     = {{leanCoP} 2.0 and {ileanCoP} 1.2: High Performance Lean Theorem Proving
               in Classical and Intuitionistic Logic (System Descriptions)},
  booktitle = {Automated Reasoning, 4th International Joint Conference, {IJCAR} 2008,
               Sydney, Australia, August 12-15, 2008, Proceedings},
  pages     = {283--291},
  year      = {2008},
  crossref  = {DBLP:conf/cade/2008},
  doi       = {10.1007/978-3-540-71070-7_23},
  timestamp = {Fri, 05 Sep 2008 08:28:33 +0200},
  biburl    = {http://dblp.uni-trier.de/rec/bib/conf/cade/Otten08},
  bibsource = {dblp computer science bibliography, http://dblp.org}
}

@inproceedings{otten2011-nonclausal,
  author    = {Jens Otten},
  title     = {A Non-clausal Connection Calculus},
  booktitle = {Automated Reasoning with Analytic Tableaux and Related Methods - 20th
               International Conference, {TABLEAUX} 2011, Bern, Switzerland, July
               4-8, 2011. Proceedings},
  pages     = {226--241},
  year      = {2011},
  crossref  = {DBLP:conf/tableaux/2011},
  url       = {http://dx.doi.org/10.1007/978-3-642-22119-4_18},
  doi       = {10.1007/978-3-642-22119-4_18},
  timestamp = {Mon, 20 Jun 2011 20:38:01 +0200},
  biburl    = {http://dblp.uni-trier.de/rec/bib/conf/tableaux/Otten11},
  bibsource = {dblp computer science bibliography, http://dblp.org}
}

@article{paulson1993-set,
  author    = {Lawrence C. Paulson},
  title     = {Set Theory for Verification: {I}. {F}rom Foundations to Functions},
  journal   = {J. Autom. Reasoning},
  volume    = {11},
  number    = {3},
  pages     = {353--389},
  year      = {1993},
  url       = {http://dx.doi.org/10.1007/BF00881873},
  doi       = {10.1007/BF00881873},
  timestamp = {Thu, 19 May 2011 15:52:28 +0200},
  biburl    = {http://dblp.uni-trier.de/rec/bib/journals/jar/Paulson93},
  bibsource = {dblp computer science bibliography, http://dblp.org}
}

@article{paulson1999-blast,
  author    = {Lawrence C. Paulson},
  title     = {A Generic Tableau Prover and its Integration with {Isabelle}},
  journal   = {J. {UCS}},
  volume    = {5},
  number    = {3},
  pages     = {73--87},
  year      = {1999},
  url       = {http://dx.doi.org/10.3217/jucs-005-03-0073},
  doi       = {10.3217/jucs-005-03-0073},
  timestamp = {Thu, 23 Apr 2015 17:57:31 +0200},
  biburl    = {http://dblp.uni-trier.de/rec/bib/journals/jucs/Paulson99},
  bibsource = {dblp computer science bibliography, http://dblp.org}
}

@phdthesis{pfenning1987-phd,
  author    = {Frank Pfenning},
  title     = {Proof Transformations in Higher-Order Logic},
  school    = {Carnegie Mellon University},
  year      = {1987}
}

@inproceedings{schulz2013-e,
  author    = {Stephan Schulz},
  title     = {System Description: {E} 1.8},
  booktitle = {Logic for Programming, Artificial Intelligence, and Reasoning - 19th
               International Conference, LPAR-19, Stellenbosch, South Africa, December
               14-19, 2013. Proceedings},
  pages     = {735--743},
  year      = {2013},
  crossref  = {DBLP:conf/lpar/2013},
  doi       = {10.1007/978-3-642-45221-5_49},
  timestamp = {Fri, 20 Dec 2013 14:41:17 +0100},
  biburl    = {http://dblp.uni-trier.de/rec/bib/conf/lpar/Schulz13},
  bibsource = {dblp computer science bibliography, http://dblp.org}
}

@inproceedings{urban2011-malecop,
  author    = {Josef Urban and
               Jir{\'{\i}} Vyskocil and
               Petr Step{\'{a}}nek},
  title     = {{MaLeCoP} Machine Learning Connection Prover},
  booktitle = {Automated Reasoning with Analytic Tableaux and Related Methods - 20th
               International Conference, {TABLEAUX} 2011, Bern, Switzerland, July
               4-8, 2011. Proceedings},
  pages     = {263--277},
  year      = {2011},
  crossref  = {DBLP:conf/tableaux/2011},
  url       = {http://dx.doi.org/10.1007/978-3-642-22119-4_21},
  doi       = {10.1007/978-3-642-22119-4_21},
  timestamp = {Mon, 20 Jun 2011 20:38:01 +0200},
  biburl    = {http://dblp.uni-trier.de/rec/bib/conf/tableaux/UrbanVS11},
  bibsource = {dblp computer science bibliography, http://dblp.org}
}



@book{DBLP:books/el/RobinsonV01,
  editor    = {John Alan Robinson and
               Andrei Voronkov},
  title     = {Handbook of Automated Reasoning (in 2 volumes)},
  publisher = {Elsevier and {MIT} Press},
  year      = {2001},
  isbn      = {0-444-50813-9},
  timestamp = {Thu, 03 Jan 2002 11:51:18 +0100},
  biburl    = {http://dblp.uni-trier.de/rec/bib/books/el/RobinsonV01},
  bibsource = {dblp computer science bibliography, http://dblp.org}
}

@proceedings{DBLP:conf/cade/1996,
  editor    = {Michael A. McRobbie and
               John K. Slaney},
  title     = {Automated Deduction - CADE-13, 13th International Conference on Automated
               Deduction, New Brunswick, NJ, USA, July 30 - August 3, 1996, Proceedings},
  series    = {Lecture Notes in Computer Science},
  volume    = {1104},
  publisher = {Springer},
  year      = {1996},
  isbn      = {3-540-61511-3},
  timestamp = {Wed, 03 Jul 2002 09:55:41 +0200},
  biburl    = {http://dblp.uni-trier.de/rec/bib/conf/cade/1996},
  bibsource = {dblp computer science bibliography, http://dblp.org}
}

@proceedings{DBLP:conf/cade/2008,
  editor    = {Alessandro Armando and
               Peter Baumgartner and
               Gilles Dowek},
  title     = {Automated Reasoning, 4th International Joint Conference, {IJCAR} 2008,
               Sydney, Australia, August 12-15, 2008, Proceedings},
  series    = {Lecture Notes in Computer Science},
  volume    = {5195},
  publisher = {Springer},
  year      = {2008},
  isbn      = {978-3-540-71069-1},
  timestamp = {Fri, 05 Sep 2008 08:22:54 +0200},
  biburl    = {http://dblp.uni-trier.de/rec/bib/conf/cade/2008},
  bibsource = {dblp computer science bibliography, http://dblp.org}
}

@proceedings{DBLP:conf/cav/2013,
  editor    = {Natasha Sharygina and
               Helmut Veith},
  title     = {Computer Aided Verification - 25th International Conference, {CAV}
               2013, Saint Petersburg, Russia, July 13-19, 2013. Proceedings},
  series    = {Lecture Notes in Computer Science},
  volume    = {8044},
  publisher = {Springer},
  year      = {2013},
  url       = {http://dx.doi.org/10.1007/978-3-642-39799-8},
  doi       = {10.1007/978-3-642-39799-8},
  isbn      = {978-3-642-39798-1},
  timestamp = {Fri, 12 Jul 2013 13:53:11 +0200},
  biburl    = {http://dblp.uni-trier.de/rec/bib/conf/cav/2013},
  bibsource = {dblp computer science bibliography, http://dblp.org}
}

@proceedings{DBLP:conf/cpp/2015,
  editor    = {Xavier Leroy and
               Alwen Tiu},
  title     = {Proceedings of the 2015 Conference on Certified Programs and Proofs,
               {CPP} 2015, Mumbai, India, January 15-17, 2015},
  publisher = {{ACM}},
  year      = {2015},
  url       = {http://dl.acm.org/citation.cfm?id=2676724},
  isbn      = {978-1-4503-3296-5},
  timestamp = {Thu, 22 Jan 2015 10:08:37 +0100},
  biburl    = {http://dblp.uni-trier.de/rec/bib/conf/cpp/2015},
  bibsource = {dblp computer science bibliography, http://dblp.org}
}

@proceedings{DBLP:conf/cpp/2016,
  editor    = {Jeremy Avigad and
               Adam Chlipala},
  title     = {Proceedings of the 5th {ACM} {SIGPLAN} Conference on Certified Programs
               and Proofs, Saint Petersburg, FL, USA, January 20-22, 2016},
  publisher = {{ACM}},
  year      = {2016},
  url       = {http://dl.acm.org/citation.cfm?id=2854065},
  isbn      = {978-1-4503-4127-1},
  timestamp = {Mon, 18 Jan 2016 19:35:36 +0100},
  biburl    = {http://dblp.uni-trier.de/rec/bib/conf/cpp/2016},
  bibsource = {dblp computer science bibliography, http://dblp.org}
}

@proceedings{DBLP:conf/lpar/2013,
  editor    = {Kenneth L. McMillan and
               Aart Middeldorp and
               Andrei Voronkov},
  title     = {Logic for Programming, Artificial Intelligence, and Reasoning - 19th
               International Conference, LPAR-19, Stellenbosch, South Africa, December
               14-19, 2013. Proceedings},
  series    = {Lecture Notes in Computer Science},
  volume    = {8312},
  publisher = {Springer},
  year      = {2013},
  url       = {http://dx.doi.org/10.1007/978-3-642-45221-5},
  doi       = {10.1007/978-3-642-45221-5},
  isbn      = {978-3-642-45220-8},
  timestamp = {Fri, 20 Dec 2013 14:36:05 +0100},
  biburl    = {http://dblp.uni-trier.de/rec/bib/conf/lpar/2013},
  bibsource = {dblp computer science bibliography, http://dblp.org}
}

@proceedings{DBLP:conf/tableaux/2011,
  editor    = {Kai Br{\"{u}}nnler and
               George Metcalfe},
  title     = {Automated Reasoning with Analytic Tableaux and Related Methods - 20th
               International Conference, {TABLEAUX} 2011, Bern, Switzerland, July
               4-8, 2011. Proceedings},
  series    = {Lecture Notes in Computer Science},
  volume    = {6793},
  publisher = {Springer},
  year      = {2011},
  url       = {http://dx.doi.org/10.1007/978-3-642-22119-4},
  doi       = {10.1007/978-3-642-22119-4},
  isbn      = {978-3-642-22118-7},
  timestamp = {Mon, 20 Jun 2011 20:35:07 +0200},
  biburl    = {http://dblp.uni-trier.de/rec/bib/conf/tableaux/2011},
  bibsource = {dblp computer science bibliography, http://dblp.org}
}

@proceedings{DBLP:conf/tableaux/2015,
  editor    = {Hans De Nivelle},
  title     = {Automated Reasoning with Analytic Tableaux and Related Methods - 24th
               International Conference, {TABLEAUX} 2015, Wroc{\l}aw, Poland, September
               21-24, 2015. Proceedings},
  series    = {Lecture Notes in Computer Science},
  volume    = {9323},
  publisher = {Springer},
  year      = {2015},
  url       = {http://dx.doi.org/10.1007/978-3-319-24312-2},
  doi       = {10.1007/978-3-319-24312-2},
  isbn      = {978-3-319-24311-5},
  timestamp = {Fri, 11 Sep 2015 13:12:15 +0200},
  biburl    = {http://dblp.uni-trier.de/rec/bib/conf/tableaux/2015},
  bibsource = {dblp computer science bibliography, http://dblp.org}
}

