@comment{It is strongly recommended to use BibLaTeX for these entries}

@inproceedings{Barbosa:TEST2002,
title = {Efficient Instantiation Techniques in SMT (Work In Progress)},
author = {Haniel Barbosa},
pages = {1--10},
url = {http://ceur-ws.org/Vol-Vol-234/#paper-01},
crossref = {TEST2002},
}

@inproceedings{ClaessenLillieström:TEST2002,
title = {Alternative treatments of common binary relations in first-order automated reasoning},
author = {Koen Claessen and Ann Lillieström},
pages = {11--23},
url = {http://ceur-ws.org/Vol-Vol-234/#paper-02},
crossref = {TEST2002},
}

@inproceedings{FärberKaliszyk:TEST2002,
title = {No Choice: Reconstruction of First-order ATP Proofs without Skolem Functions},
author = {Michael Färber and Cezary Kaliszyk},
pages = {24--31},
url = {http://ceur-ws.org/Vol-Vol-234/#paper-03},
crossref = {TEST2002},
}

@inproceedings{HassonaSchulz:TEST2002,
title = {Deduction as a Service},
author = {Mohamed Hassona and Stephan Schulz},
pages = {32--40},
url = {http://ceur-ws.org/Vol-Vol-234/#paper-04},
crossref = {TEST2002},
}

@proceedings{TEST2002,
booktitle = {TEST (TEST)},
title = {Proceedings of the TEST (TEST)},
year = 2002,
editor = {TEST},
number = Vol-234,
series = {CEUR Workshop Proceedings},
address = {Aachen},
issn = {1613-0073},
url = {http://ceur-ws.org/Vol-Vol-234/},
venue = {TEST},
eventdate = {2002-02-02},
}

