@article{chaining,
  title={Ordered chaining calculi for first-order theories of transitive relations},
  author={Bachmair, Leo and Ganzinger, Harald},
  journal={Journal of the ACM (JACM)},
  volume={45},
  number={6},
  pages={1007--1049},
  year={1998},
  publisher={ACM}
}

@misc{tptp,
  title={The {TPTP} {P}roblem {L}ibrary},
  author={Sutcliffe, Geoff},
  note={{\sf http://www.tptp.org/}},
  year={2015}
}

@inproceedings{Vampire,
  author    = {Laura Kov{\'{a}}cs and
               Andrei Voronkov},
  title     = {First-{O}rder {T}heorem {P}roving and {V}ampire},
  booktitle = {Computer Aided Verification - 25th International Conference, {CAV}
               2013, Saint Petersburg, Russia, July 13-19, 2013. Proceedings},
  pages     = {1--35},
  year      = {2013},
  crossref  = {DBLP:conf/cav/2013},
  url       = {http://dx.doi.org/10.1007/978-3-642-39799-8_1},
  doi       = {10.1007/978-3-642-39799-8_1},
  timestamp = {Fri, 12 Jul 2013 13:57:42 +0200},
  biburl    = {http://dblp.uni-trier.de/rec/bib/conf/cav/KovacsV13},
  bibsource = {dblp computer science bibliography, http://dblp.org}
}

@TECHREPORT{SMT-LIB,
    author = {Clark Barrett and Aaron Stump and Cesare Tinelli and Sascha Boehme and David Cok and David Deharbe and Bruno Dutertre and Pascal Fontaine and Vijay Ganesh and Alberto Griggio and Jim Grundy and Paul Jackson and Albert Oliveras and Sava Krsti and Michal Moskal and Leonardo De Moura and Roberto Sebastiani and To David Cok and Jochen Hoenicke},
    title = {C.: {T}he {SMT}-{LIB} {S}tandard: {V}ersion 2.0},
    institution = {},
    year = {2010}
}

@inproceedings{TFF,
    publisher        = {Springer Verlag},
    doi              = {10.1007/978-3-642-28717-6_32},
    author           = {Sutcliffe, Geoff and Schulz, Stephan and Claessen, Koen and Baumgartner, Peter},
    month            = {mar},
    editor           = {{Nikolaj Bj{\o}rner and Andrei Voronkov}},
    year             = {2012},
    keywords         = {theorem proving, tptp},
    title            = {The {TPTP} {T}yped {F}irst-order {F}orm and {A}rithmetic},
    booktitle        = {The 18th International Conference on Logic for Programming Artificial Intelligence and Reasoning
                        (LPAR-18)},
    pages            = {406-419},
    address          = {Merida, Venezuela}
  }
  
  

@misc{E,
  title={The {E} {T}heorem {P}rover},
  author={Schulz, Stephan},
  note={{\sf http://www.eprover.org/}},
  year={2015}
}

 @inproceedings{Z3,
  author = {de Moura, Leonardo and Bj{\o}rner, Nikolaj},
  title = { {Z3: An Efficient SMT Solver}},
  year = {2008},
  pages = {337-340},
  booktitle = {Tools and Algorithms for the Construction and Analysis of
 Systems, 14th International Conference, TACAS 2008, Held
 as Part of the Joint European Conferences on Theory and
 Practice of Software, ETAPS 2008, Budapest, Hungary, March
 29-April 6, 2008. Proceedings},
  publisher = {Springer},
  series = {Lecture Notes in Computer Science},
  volume = {4963},
  documenturl = {http://research.microsoft.com/projects/z3/z3.pdf}
}

@inproceedings{CVC4,
 author = {Barrett, Clark and Conway, Christopher L. and Deters, Morgan and Hadarean, Liana and Jovanovi\'{c}, Dejan and King, Tim and Reynolds, Andrew and Tinelli, Cesare},
 title = {{CVC4}},
 booktitle = {Proceedings of the 23rd International Conference on Computer Aided Verification},
 series = {CAV'11},
 year = {2011},
 isbn = {978-3-642-22109-5},
 location = {Snowbird, UT},
 pages = {171--177},
 numpages = {7},
 url = {http://dl.acm.org/citation.cfm?id=2032305.2032319},
 acmid = {2032319},
 publisher = {Springer-Verlag},
 address = {Berlin, Heidelberg}
} 
