@comment{It is strongly recommended to use BibLaTeX for these entries}

@inproceedings{dsadsasda:IEEE2009,
title = {Dsa},
author = {dsadsasda},
pages = {2--2},
url = {http://ceur-ws.org/Vol-Vol-123/#paper-01},
crossref = {IEEE2009},
}

@proceedings{IEEE2009,
booktitle = {Full (IEEE)},
title = {Proceedings of the Full (IEEE)},
year = 2009,
editor = {ADS},
number = Vol-123,
series = {CEUR Workshop Proceedings},
address = {Aachen},
issn = {1613-0073},
url = {http://ceur-ws.org/Vol-Vol-123/},
venue = {ADS},
eventdate = {2009-09-09},
}

